Currency,Fiscal Year,Fiscal Period,Publish Date,Restated Date,Shares (Basic),Shares (Diluted),Revenue,Cost of Revenue,Gross Profit,Operating Expenses,"Selling, General & Administrative",Operating Income (Loss),Non-Operating Income (Loss),"Interest Expense, Net","Pretax Income (Loss), Adj.",Pretax Income (Loss),"Income Tax (Expense) Benefit, Net",Income (Loss) from Continuing Operations,Net Income,Net Income (Common),Ticker,Report_Date
USD,2018,2,2018-07-25,2018-07-25,28963373.0,29133443.0,113648000.0,-72144000.0,41504000.0,-25153000.0,-25153000.0,16351000.0,-409000.0,-409000.0,15942000,7911000,-1757000.0,6154000,6154000,6154000,BMI,2018-06-30
USD,2018,3,2018-10-24,2018-10-24,28989205.0,29197160.0,110630000.0,-66684000.0,43946000.0,-28212000.0,-28212000.0,15734000.0,-295000.0,-295000.0,15439000,3652000,-801000.0,2851000,2851000,2851000,BMI,2018-09-30
USD,2018,4,2019-02-26,2019-02-26,29086635.0,29275351.0,104413000.0,-64262000.0,40151000.0,-25341000.0,-25341000.0,14810000.0,-163000.0,-163000.0,14647000,14586000,-3347000.0,11239000,11239000,11239000,BMI,2018-12-31
USD,2019,1,2019-04-30,2019-04-30,29028964.0,29238624.0,104881000.0,-64424000.0,40457000.0,-26130000.0,-26130000.0,14327000.0,-129000.0,-129000.0,14198000,14151000,-3327000.0,10824000,10824000,10824000,BMI,2019-03-31
USD,2019,2,2019-07-30,2019-07-30,29027887.0,29211533.0,103542000.0,-63266000.0,40276000.0,-25243000.0,-25243000.0,15033000.0,-85000.0,-85000.0,14948000,14913000,-3555000.0,11358000,11358000,11358000,BMI,2019-06-30
USD,2019,3,2019-10-25,2019-10-25,29013573.0,29193338.0,108646000.0,-66976000.0,41670000.0,-25225000.0,-25225000.0,16445000.0,-66000.0,-66000.0,16379000,16338000,-3617000.0,12721000,12721000,12721000,BMI,2019-09-30
USD,2019,4,2020-02-21,2020-02-21,29041576.0,29236505.0,107556000.0,-66431000.0,41125000.0,-24782000.0,-24782000.0,16343000.0,27000.0,27000.0,16370000,16205000,-3931000.0,12274000,12274000,12274000,BMI,2019-12-31
USD,2020,1,2020-04-29,2021-04-28,29042158.0,29223915.0,108508000.0,-65186000.0,43322000.0,-27307000.0,-27307000.0,16015000.0,-31000.0,-31000.0,15984000,15940000,-4086000.0,11854000,11854000,11854000,BMI,2020-03-31
USD,2020,2,2020-07-30,2020-07-30,29047297.0,29265719.0,91119000.0,-55269000.0,35850000.0,-23186000.0,-23186000.0,12664000.0,-32000.0,-32000.0,12632000,12588000,-3054000.0,9534000,9534000,9534000,BMI,2020-06-30
