Currency,Fiscal Year,Fiscal Period,Publish Date,Restated Date,Shares (Basic),Shares (Diluted),Revenue,Cost of Revenue,Gross Profit,Operating Expenses,"Selling, General & Administrative",Operating Income (Loss),Non-Operating Income (Loss),"Interest Expense, Net","Pretax Income (Loss), Adj.",Pretax Income (Loss),"Income Tax (Expense) Benefit, Net",Income (Loss) from Continuing Operations,Net Income,Net Income (Common),Ticker,Report_Date
USD,2018,3,2018-11-07,2019-11-06,32023000.0,32023000.0,108846000.0,-68816000.0,40030000.0,-23074000.0,-1765000.0,16956000.0,-12689000.0,-12544000.0,4267000,114000,-740000.0,-626000,-1869000,-3576000,BHR,2018-09-30
USD,2018,4,2019-03-08,2021-03-05,31430140.0,25482000.0,98945000.0,-67789000.0,31156000.0,-23841000.0,-1238000.0,7315000.0,-13231000.0,-13080000.0,-5916000,-13995000,82000.0,-13913000,-12361000,-14444000,BHR,2018-12-31
USD,2019,1,2019-05-08,2020-05-28,32115000.0,32115000.0,128513000.0,-82503000.0,46010000.0,-25272000.0,-1126000.0,20738000.0,-13998000.0,-13831000.0,6740000,-395000,-927000.0,-1322000,-981000,-3513000,BHR,2019-03-31
USD,2019,2,2019-08-06,2020-08-06,32307000.0,32307000.0,118516000.0,-76728000.0,41788000.0,-24612000.0,-932000.0,17176000.0,-13958000.0,-13768000.0,3218000,-5212000,-411000.0,-5623000,-4510000,-7042000,BHR,2019-06-30
USD,2019,3,2019-11-06,2020-11-09,32347000.0,32347000.0,118884000.0,-79147000.0,39737000.0,-26096000.0,-1575000.0,13641000.0,-13559000.0,-13397000.0,82000,-8799000,-155000.0,-8954000,-9388000,-11921000,BHR,2019-09-30
USD,2019,4,2020-03-13,2021-03-05,32387000.0,32387000.0,121701000.0,-85234000.0,36467000.0,-27552000.0,-1802000.0,8915000.0,-26051000.0,-12424000.0,-17136000,17366000,-271000.0,17095000,15250000,12705000,BHR,2019-12-31
USD,2020,1,2020-05-28,2021-05-07,32474000.0,32474000.0,117520000.0,-87748000.0,29772000.0,-27930000.0,-1932000.0,1842000.0,-11946000.0,-11768000.0,-10104000,-14017000,-1370000.0,-15387000,-12930000,-15485000,BHR,2020-03-31
USD,2020,2,2020-08-06,2020-08-06,32907000.0,32907000.0,12895000.0,-20539000.0,-7644000.0,-27310000.0,-1513000.0,-34954000.0,-12877000.0,-12773000.0,-47831000,-55938000,4447000.0,-51491000,-43790000,-46345000,BHR,2020-06-30
