Currency,Fiscal Year,Fiscal Period,Publish Date,Restated Date,Shares (Basic),Shares (Diluted),Revenue,Cost of Revenue,Gross Profit,Operating Expenses,"Selling, General & Administrative",Operating Income (Loss),Non-Operating Income (Loss),"Interest Expense, Net","Pretax Income (Loss), Adj.",Pretax Income (Loss),"Income Tax (Expense) Benefit, Net",Income (Loss) from Continuing Operations,Net Income,Net Income (Common),Ticker,Report_Date
USD,2016,1,2016-06-02,2016-06-02,116003000.0,116003000.0,272143000.0,-49051000.0,223092000.0,-194648000.0,-102914000.0,28444000.0,-3482000.0,-4694000.0,24962000,-12015000,1512000.0,-10503000,-9885000,-9885000,MENT,2016-04-30
USD,2016,2,2016-08-30,2016-08-30,116584000.0,119368000.0,281062000.0,-46263000.0,234799000.0,-194698000.0,-103411000.0,40101000.0,-3234000.0,-4772000.0,36867000,34681000,-4071000.0,30610000,31212000,31212000,MENT,2016-07-31
USD,2016,3,2016-12-06,2016-12-06,117759000.0,120141000.0,290516000.0,-46889000.0,243627000.0,-214863000.0,-112830000.0,28764000.0,-2840000.0,-4915000.0,25924000,21093000,-7204000.0,13889000,14679000,14679000,MENT,2016-10-31
USD,2016,4,2017-03-17,2017-03-17,116458000.0,121540000.0,337267000.0,-47455000.0,289812000.0,-211144000.0,-106042000.0,78668000.0,-2411000.0,-5047000.0,76257000,75170000,-14990000.0,60180000,60271000,60271000,MENT,2017-01-31
USD,2017,1,2017-06-02,2017-06-02,109085000.0,109085000.0,227639000.0,-42865000.0,184774000.0,-194484000.0,-101794000.0,-9710000.0,-2613000.0,-4138000.0,-12323000,-15314000,1878000.0,-13436000,-13436000,-13436000,MENT,2017-04-30
USD,2017,2,2017-08-30,2017-08-30,107374000.0,109874000.0,254344000.0,-49630000.0,204714000.0,-198060000.0,-103138000.0,6654000.0,-4011000.0,-5690000.0,2643000,1198000,2239000.0,3437000,3437000,3437000,MENT,2017-07-31
USD,2017,3,2017-12-06,2017-12-06,108887000.0,114112000.0,322516000.0,-51190000.0,271326000.0,-214146000.0,-111661000.0,57180000.0,-4241000.0,-5143000.0,52939000,51439000,-9677000.0,41762000,41762000,41762000,MENT,2017-10-31
USD,2017,4,2018-03-17,2018-03-17,109834000.0,124217000.0,477968000.0,-50543000.0,427425000.0,-266133000.0,-137893000.0,161292000.0,-3926000.0,-5503000.0,157366000,147533000,-24430000.0,123103000,123103000,123103000,MENT,2018-01-31
