Currency,Fiscal Year,Fiscal Period,Publish Date,Restated Date,Shares (Basic),Shares (Diluted),Revenue,Cost of Revenue,Gross Profit,Operating Expenses,"Selling, General & Administrative",Operating Income (Loss),Non-Operating Income (Loss),"Interest Expense, Net","Pretax Income (Loss), Adj.",Pretax Income (Loss),"Income Tax (Expense) Benefit, Net",Income (Loss) from Continuing Operations,Net Income,Net Income (Common),Ticker,Report_Date
USD,2018,2,2018-09-26,2018-09-26,13401000.0,15644000.0,60805000.0,-40528000.0,20277000.0,-12008000.0,-10681000.0,8269000.0,-1668000.0,-1258000.0,6601000,6601000,-300000.0,6301000,6301000,6301000,HEAR,2018-06-30
USD,2018,3,2018-12-27,2018-12-27,14019000.0,16229000.0,74427000.0,-43925000.0,30502000.0,-13980000.0,-12580000.0,16522000.0,-1401000.0,-1093000.0,15121000,15121000,-398000.0,14723000,14723000,14723000,HEAR,2018-09-30
USD,2018,4,2019-03-18,2019-03-18,14281000.0,12914000.0,111319000.0,-68428000.0,42891000.0,-17427000.0,-15872000.0,25464000.0,-8285000.0,-979000.0,17179000,17179000,-975000.0,16204000,16204000,16204000,HEAR,2018-12-31
USD,2019,1,2019-05-08,2019-05-08,14336000.0,16260000.0,44846000.0,-30059000.0,14787000.0,-12986000.0,-11530000.0,1801000.0,1418000.0,-244000.0,3219000,3219000,-164000.0,3055000,3055000,3055000,HEAR,2019-03-31
USD,2019,2,2019-08-09,2019-08-09,14586000.0,14586000.0,41330000.0,-28159000.0,13171000.0,-15478000.0,-13744000.0,-2307000.0,-41000.0,-111000.0,-2348000,-2348000,-25000.0,-2373000,-2373000,-2373000,HEAR,2019-06-30
USD,2019,3,2019-11-07,2019-11-07,14506000.0,14506000.0,46723000.0,-31680000.0,15043000.0,-17562000.0,-15364000.0,-2519000.0,-542000.0,-240000.0,-3061000,-3061000,-63000.0,-3124000,-3124000,-3124000,HEAR,2019-09-30
USD,2019,4,2020-03-13,2020-03-13,14504000.0,17400000.0,101764000.0,-66052000.0,35712000.0,-22260000.0,-19792000.0,13452000.0,445000.0,-334000.0,13897000,13897000,6489000.0,20386000,20386000,20386000,HEAR,2019-12-31
USD,2020,1,2020-05-07,2021-05-05,14495000.0,14495000.0,35007000.0,-24222000.0,10785000.0,-15798000.0,-13371000.0,-5013000.0,-366000.0,-169000.0,-5379000,-5379000,1824000.0,-3555000,-3555000,-3555000,HEAR,2020-03-31
USD,2020,2,2020-08-06,2020-08-06,14581000.0,16229000.0,79680000.0,-50453000.0,29227000.0,-19270000.0,-16269000.0,9957000.0,1533000.0,-83000.0,11490000,11490000,-3286000.0,8204000,8204000,8204000,HEAR,2020-06-30
