Currency,Fiscal Year,Fiscal Period,Publish Date,Restated Date,Shares (Basic),Shares (Diluted),Revenue,Cost of Revenue,Gross Profit,Operating Expenses,"Selling, General & Administrative",Operating Income (Loss),Non-Operating Income (Loss),"Interest Expense, Net","Pretax Income (Loss), Adj.",Pretax Income (Loss),"Income Tax (Expense) Benefit, Net",Income (Loss) from Continuing Operations,Net Income,Net Income (Common),Ticker,Report_Date
USD,2016,4,2016-10-26,2017-10-25,29346000.0,28972000.0,604586000.0,-507893000.0,96693000.0,-74243000.0,-74243000.0,22450000.0,-14758000.0,-13583000.0,7692000,-397738000,12716000.0,-385022000,-383204000,-385079000,SHLM,2016-08-31
USD,2017,1,2017-01-09,2018-01-08,29363000.0,29477000.0,600000000.0,-498985000.0,101015000.0,-72374000.0,-72374000.0,28641000.0,-12594000.0,-13164000.0,16047000,6503000,-3319000.0,3184000,2943000,1068000,SHLM,2016-11-30
USD,2017,2,2017-04-04,2018-03-28,29394000.0,29503000.0,568678000.0,-479492000.0,89186000.0,-65967000.0,-65967000.0,23219000.0,-14862000.0,-13107000.0,8357000,6479000,-1143000.0,5336000,5030000,3155000,SHLM,2017-02-28
USD,2017,3,2017-06-28,2017-06-28,29421000.0,29530000.0,645795000.0,-547368000.0,98427000.0,-65266000.0,-65266000.0,33161000.0,-12429000.0,-13179000.0,20732000,19793000,-3695000.0,16098000,15778000,13903000,SHLM,2017-05-31
USD,2017,4,2017-10-25,2017-10-25,29426000.0,29550000.0,646651000.0,-555516000.0,91135000.0,-73758000.0,-73758000.0,17377000.0,-13578000.0,-13745000.0,3799000,-442000,9997000.0,9555000,9275000,7400000,SHLM,2017-08-31
USD,2018,1,2018-01-08,2018-01-08,29459000.0,29643000.0,674623000.0,-569539000.0,105084000.0,-75127000.0,-75127000.0,29957000.0,-13330000.0,-13441000.0,16627000,19237000,-4157000.0,15080000,14715000,12840000,SHLM,2017-11-30
USD,2018,2,2018-03-28,2018-03-28,29487000.0,29661000.0,650098000.0,-558403000.0,91695000.0,-78356000.0,-78356000.0,13339000.0,-13069000.0,-13435000.0,270000,146000,5530000.0,5676000,5387000,3512000,SHLM,2018-02-28
USD,2018,3,2018-06-28,2018-06-28,29501000.0,29687000.0,722240000.0,-624741000.0,97499000.0,-76440000.0,-76440000.0,21059000.0,-14801000.0,-14285000.0,6258000,6154000,-878000.0,5276000,5048000,3173000,SHLM,2018-05-31
