Currency,Fiscal Year,Fiscal Period,Publish Date,Restated Date,Shares (Basic),Shares (Diluted),Revenue,Cost of Revenue,Gross Profit,Operating Expenses,"Selling, General & Administrative",Operating Income (Loss),Non-Operating Income (Loss),"Interest Expense, Net","Pretax Income (Loss), Adj.",Pretax Income (Loss),"Income Tax (Expense) Benefit, Net",Income (Loss) from Continuing Operations,Net Income,Net Income (Common),Ticker,Report_Date
USD,2015,3,2015-11-06,2016-11-07,80815000.0,81795000.0,551717000.0,-414051000.0,137666000.0,-44860000.0,-44860000.0,92806000.0,-5514000.0,-5455000.0,87292000,91565000,-35097000.0,56468000,54854000,54854000,WOOF,2015-09-30
USD,2015,4,2016-02-26,2017-02-28,80654000.0,81404000.0,533720000.0,-416024000.0,117696000.0,-50252000.0,-50252000.0,67444000.0,-5951000.0,-5680000.0,61493000,103736000,-39582000.0,64154000,63595000,63595000,WOOF,2015-12-31
USD,2016,1,2016-05-06,2017-05-09,80776000.0,81523000.0,563439000.0,-426659000.0,136780000.0,-50128000.0,-50128000.0,86652000.0,-6831000.0,-7095000.0,79821000,79258000,-31536000.0,47722000,46227000,46227000,WOOF,2016-03-31
USD,2016,2,2016-08-05,2017-08-08,80835000.0,81729000.0,653489000.0,-489541000.0,163948000.0,-48190000.0,-48190000.0,115758000.0,-7267000.0,-7867000.0,108491000,107162000,-40736000.0,66426000,64050000,64050000,WOOF,2016-06-30
USD,2016,3,2016-11-07,2016-11-07,80924000.0,81812000.0,656854000.0,-500277000.0,156577000.0,-49343000.0,-49343000.0,107234000.0,-9179000.0,-9300000.0,98055000,97819000,-37040000.0,60779000,58231000,58231000,WOOF,2016-09-30
USD,2016,4,2017-04-28,2017-04-28,81169000.0,81836000.0,643081000.0,-508322000.0,134759000.0,-57063000.0,-57063000.0,77696000.0,-8274000.0,-8191000.0,69422000,68944000,-26468000.0,42476000,40688000,40688000,WOOF,2016-12-31
USD,2017,1,2017-05-09,2017-05-09,81245000.0,82179000.0,678251000.0,-523783000.0,154468000.0,-58401000.0,-58401000.0,96067000.0,-8725000.0,-9027000.0,87342000,87092000,-34639000.0,52453000,51093000,51093000,WOOF,2017-03-31
USD,2017,2,2017-08-08,2017-08-08,81267000.0,82228000.0,743132000.0,-558039000.0,185093000.0,-59776000.0,-59776000.0,125317000.0,-9889000.0,-10169000.0,115428000,115198000,-44774000.0,70424000,67712000,67712000,WOOF,2017-06-30
