Currency,Fiscal Year,Fiscal Period,Publish Date,Restated Date,Shares (Basic),Shares (Diluted),Revenue,Cost of Revenue,Gross Profit,Operating Expenses,"Selling, General & Administrative",Operating Income (Loss),Non-Operating Income (Loss),"Interest Expense, Net","Pretax Income (Loss), Adj.",Pretax Income (Loss),"Income Tax (Expense) Benefit, Net",Income (Loss) from Continuing Operations,Net Income,Net Income (Common),Ticker,Report_Date
USD,2019,1,2019-04-25,2020-04-30,48086000.0,48086000.0,126111000.0,-45592000.0,80519000.0,-83034000.0,-29097000.0,-2515000.0,-8821000.0,-10244000.0,-11336000,-9803000,2163000.0,-7640000,-7640000,-7640000,CWT,2019-03-31
USD,2019,2,2019-08-01,2020-07-30,48136000.0,48136000.0,179031000.0,-64635000.0,114396000.0,-83062000.0,-25434000.0,31334000.0,-11216000.0,-11254000.0,20118000,21804000,-4808000.0,16996000,16996000,16996000,CWT,2019-06-30
USD,2019,3,2019-10-31,2020-11-06,48141000.0,48141000.0,232537000.0,-80568000.0,151969000.0,-88208000.0,-26779000.0,63761000.0,-11341000.0,-9251000.0,52420000,54288000,-11864000.0,42424000,42424000,42424000,CWT,2019-09-30
USD,2019,4,2020-02-27,2021-02-25,48309000.0,48309000.0,176878000.0,-64546000.0,112332000.0,-89220000.0,-27307000.0,23112000.0,-10240000.0,-10472000.0,12872000,14498000,-3162000.0,11336000,11336000,11336000,CWT,2019-12-31
USD,2020,1,2020-04-30,2021-04-29,48583000.0,48583000.0,125563000.0,-53976000.0,71587000.0,-82447000.0,-29680000.0,-10860000.0,-15911000.0,-9854000.0,-26771000,-25157000,4850000.0,-20307000,-20307000,-20307000,CWT,2020-03-31
USD,2020,2,2020-07-30,2020-07-30,48936000.0,48936000.0,175484000.0,-71142000.0,104342000.0,-91227000.0,-26939000.0,13115000.0,-8097000.0,-10481000.0,5018000,6723000,-1442000.0,5281000,5281000,5281000,CWT,2020-06-30
