Currency,Fiscal Year,Fiscal Period,Publish Date,Restated Date,Shares (Basic),Shares (Diluted),Revenue,Cost of Revenue,Gross Profit,Operating Expenses,"Selling, General & Administrative",Operating Income (Loss),Non-Operating Income (Loss),"Interest Expense, Net","Pretax Income (Loss), Adj.",Pretax Income (Loss),"Income Tax (Expense) Benefit, Net",Income (Loss) from Continuing Operations,Net Income,Net Income (Common),Ticker,Report_Date
USD,2016,3,2017-02-13,2018-02-14,29764168.0,29764168.0,14171624.0,-8358123.0,5813501.0,-2386693.0,-2107104.0,3426808.0,11073.0,11073.0,3437881,3437881,-849716.0,2588165,2588165,2588165,CYIG,2016-12-31
USD,2016,4,2017-06-29,2018-06-29,29770220.0,29770220.0,20984561.0,-12002287.0,8982274.0,-2989783.0,-2934783.0,5992491.0,11450.0,11450.0,6003941,5017535,-1122281.0,3895254,3918903,3918903,CYIG,2017-03-31
USD,2017,1,2017-08-14,2018-08-14,29789168.0,29789168.0,17134865.0,-10287148.0,6847717.0,-2209075.0,-2144697.0,4638642.0,25103.0,25103.0,4663745,5236837,-1309209.0,3927628,3809799,3809799,CYIG,2017-06-30
USD,2017,2,2017-11-14,2018-11-13,29789168.0,29789168.0,13866784.0,-8811390.0,5055394.0,-2012438.0,-1950405.0,3042956.0,31199.0,31199.0,3074155,3074155,-768539.0,2305616,2236448,2236448,CYIG,2017-09-30
USD,2017,3,2018-02-14,2019-02-14,29789168.0,29789168.0,17211156.0,-10422916.0,6788240.0,-3004242.0,-2724013.0,3783998.0,32376.0,32376.0,3816374,3816374,-954093.0,2862281,2776412,2776412,CYIG,2017-12-31
USD,2017,4,2018-06-29,2018-06-29,29789168.0,29789168.0,16729932.0,-10082541.0,6647391.0,-2970519.0,-2885081.0,3676872.0,35732.0,35732.0,3712604,3449954,-806991.0,2642963,2563674,2563674,CYIG,2018-03-31
USD,2018,1,2018-08-14,2018-08-14,29804003.0,29804003.0,20888847.0,-11964700.0,8924147.0,-2795385.0,-2472652.0,6128762.0,40073.0,40073.0,6168835,6168835,-1542209.0,4626626,4487827,4487827,CYIG,2018-06-30
USD,2018,2,2018-11-13,2018-11-13,29839168.0,29839168.0,18684939.0,-10619845.0,8065094.0,-2492297.0,-2423873.0,5572797.0,34972.0,34972.0,5607769,5607769,-1401942.0,4205827,4079652,4079652,CYIG,2018-09-30
USD,2018,3,2019-02-14,2019-02-14,29839168.0,29839168.0,19494574.0,-10674733.0,8819841.0,-2887504.0,-2590415.0,5932337.0,35141.0,35141.0,5967478,5967478,-1491869.0,4475609,4341341,4341341,CYIG,2018-12-31
