Currency,Fiscal Year,Fiscal Period,Publish Date,Restated Date,Shares (Basic),Shares (Diluted),Revenue,Cost of Revenue,Gross Profit,Operating Expenses,"Selling, General & Administrative",Operating Income (Loss),Non-Operating Income (Loss),"Interest Expense, Net","Pretax Income (Loss), Adj.",Pretax Income (Loss),"Income Tax (Expense) Benefit, Net",Income (Loss) from Continuing Operations,Net Income,Net Income (Common),Ticker,Report_Date
USD,2015,3,2015-11-03,2016-10-28,24694000.0,24718000.0,194375000.0,-138115000.0,56260000.0,-47576000.0,-47576000.0,8684000.0,-107000.0,-107000.0,8577000,8577000,-3685000.0,4892000,4892000,4892000,WMAR,2015-09-30
USD,2015,4,2016-03-09,2017-02-28,24719000.0,25048000.0,130206000.0,-102163000.0,28043000.0,-48256000.0,-48256000.0,-20213000.0,-113000.0,-113000.0,-20326000,-20326000,9268000.0,-11058000,-11058000,-11058000,WMAR,2015-12-31
USD,2016,1,2016-05-02,2017-05-01,24766000.0,24766000.0,130405000.0,-97500000.0,32905000.0,-48043000.0,-48043000.0,-15138000.0,-105000.0,-105000.0,-15243000,-15243000,6130000.0,-9113000,-9113000,-9113000,WMAR,2016-03-31
USD,2016,2,2016-08-02,2017-08-07,24884000.0,24958000.0,251599000.0,-162369000.0,89230000.0,-52718000.0,-52718000.0,36512000.0,-116000.0,-116000.0,36396000,36396000,-14812000.0,21584000,21584000,21584000,WMAR,2016-06-30
USD,2016,3,2016-10-28,2016-10-28,24941000.0,25021000.0,191852000.0,-136502000.0,55350000.0,-47871000.0,-47871000.0,7479000.0,-104000.0,-104000.0,7375000,7375000,-3522000.0,3853000,3853000,3853000,WMAR,2016-09-30
USD,2016,4,2017-02-28,2017-02-28,24981000.0,25207000.0,129515000.0,-101340000.0,28175000.0,-44992000.0,-44992000.0,-16817000.0,-107000.0,-107000.0,-16924000,-16924000,7135000.0,-9789000,-9789000,-9789000,WMAR,2016-12-31
USD,2017,1,2017-05-01,2017-05-01,25047000.0,25047000.0,129063000.0,-96141000.0,32922000.0,-44888000.0,-44888000.0,-11966000.0,-110000.0,-110000.0,-12076000,-12076000,4806000.0,-7270000,-7270000,-7270000,WMAR,2017-03-31
USD,2017,2,2017-08-07,2017-08-07,25235000.0,25338000.0,247238000.0,-156979000.0,90259000.0,-54156000.0,-54156000.0,36103000.0,-99000.0,-99000.0,36004000,36004000,-14784000.0,21220000,21220000,21220000,WMAR,2017-06-30
