Currency,Fiscal Year,Fiscal Period,Publish Date,Restated Date,Shares (Basic),Shares (Diluted),Revenue,Cost of Revenue,Gross Profit,Operating Expenses,"Selling, General & Administrative",Operating Income (Loss),Non-Operating Income (Loss),"Interest Expense, Net","Pretax Income (Loss), Adj.",Pretax Income (Loss),"Income Tax (Expense) Benefit, Net",Income (Loss) from Continuing Operations,Net Income,Net Income (Common),Ticker,Report_Date
USD,2015,4,2016-02-26,2017-02-24,42615270.0,42619670.0,65197000.0,-16358000.0,48839000.0,-57649000.0,-36735000.0,-8810000.0,-2558000.0,-2444000.0,-11368000,-10177000,-283000.0,-10460000,-10460000,-10460000,SPNC,2015-12-31
USD,2016,1,2016-04-29,2016-04-29,42697323.0,42697323.0,62884000.0,-16082000.0,46802000.0,-60429000.0,-40789000.0,-13627000.0,-3167000.0,-3342000.0,-16794000,-17086000,-205000.0,-17291000,-17291000,-17291000,SPNC,2016-03-31
USD,2016,2,2016-07-29,2016-07-29,42804453.0,42804453.0,67748000.0,-16983000.0,50765000.0,-61569000.0,-40643000.0,-10804000.0,-3452000.0,-3294000.0,-14256000,-14756000,-150000.0,-14906000,-14906000,-14906000,SPNC,2016-06-30
USD,2016,3,2016-11-01,2016-11-01,43054322.0,43054322.0,68265000.0,-16884000.0,51381000.0,-60420000.0,-40737000.0,-9039000.0,-3318000.0,-3322000.0,-12357000,-13180000,-132000.0,-13312000,-13312000,-13312000,SPNC,2016-09-30
USD,2016,4,2017-02-24,2017-02-24,43185670.0,43185670.0,71926000.0,-18377000.0,53549000.0,-61792000.0,-42120000.0,-8243000.0,-3761000.0,-3337000.0,-12004000,-12311000,-300000.0,-12611000,-12611000,-12611000,SPNC,2016-12-31
USD,2017,1,2017-04-28,2017-04-28,43491183.0,43491183.0,69680000.0,-18051000.0,51629000.0,-66425000.0,-45656000.0,-14796000.0,-3292000.0,-3409000.0,-18088000,-18275000,-249000.0,-18524000,-18524000,-18524000,SPNC,2017-03-31
USD,2017,2,2017-08-08,2017-08-08,43734418.0,43734418.0,74714000.0,-18482000.0,56232000.0,-68369000.0,-45549000.0,-12137000.0,-2942000.0,-3598000.0,-15079000,-24236000,-368000.0,-24604000,-24604000,-24604000,SPNC,2017-06-30
