Currency,Fiscal Year,Fiscal Period,Publish Date,Restated Date,Shares (Basic),Shares (Diluted),Revenue,Cost of Revenue,Gross Profit,Operating Expenses,"Selling, General & Administrative",Operating Income (Loss),Non-Operating Income (Loss),"Interest Expense, Net","Pretax Income (Loss), Adj.",Pretax Income (Loss),"Income Tax (Expense) Benefit, Net",Income (Loss) from Continuing Operations,Net Income,Net Income (Common),Ticker,Report_Date
USD,2019,1,2019-04-29,2019-04-29,208000000.0,467000000.0,1266000000.0,-539000000.0,727000000.0,-295000000.0,-312000000.0,432000000.0,-130000000.0,-132000000.0,302000000,302000000,-56000000.0,246000000,135000000,135000000,QSR,2019-03-31
USD,2019,2,2019-08-02,2019-08-02,255000000.0,469000000.0,1400000000.0,-588000000.0,812000000.0,-319000000.0,-316000000.0,493000000.0,-139000000.0,-137000000.0,354000000,354000000,-97000000.0,257000000,142000000,142000000,QSR,2019-06-30
USD,2019,3,2019-10-28,2019-10-28,267000000.0,470000000.0,1458000000.0,-608000000.0,850000000.0,-290000000.0,-320000000.0,560000000.0,-126000000.0,-137000000.0,434000000,430000000,-79000000.0,351000000,201000000,201000000,QSR,2019-09-30
USD,2019,4,2020-02-21,2020-02-21,342000000.0,470000000.0,1479000000.0,-78000000.0,1401000000.0,-890000000.0,-316000000.0,511000000.0,-126000000.0,-126000000.0,385000000,366000000,-109000000.0,257000000,165000000,165000000,QSR,2019-12-31
USD,2020,1,2020-05-01,2021-04-30,299000000.0,469000000.0,1225000000.0,-625000000.0,600000000.0,-209000000.0,-102000000.0,391000000.0,-121000000.0,-119000000.0,270000000,270000000,-46000000.0,224000000,144000000,144000000,QSR,2020-03-31
USD,2020,2,2020-08-06,2020-08-06,301000000.0,469000000.0,1048000000.0,-473000000.0,575000000.0,-316000000.0,-295000000.0,259000000.0,-144000000.0,-128000000.0,115000000,115000000,49000000.0,164000000,106000000,106000000,QSR,2020-06-30
