Currency,Fiscal Year,Fiscal Period,Publish Date,Restated Date,Shares (Basic),Shares (Diluted),Revenue,Cost of Revenue,Gross Profit,Operating Expenses,"Selling, General & Administrative",Operating Income (Loss),Non-Operating Income (Loss),"Interest Expense, Net","Pretax Income (Loss), Adj.",Pretax Income (Loss),"Income Tax (Expense) Benefit, Net",Income (Loss) from Continuing Operations,Net Income,Net Income (Common),Ticker,Report_Date
USD,2019,2,2018-12-04,2018-12-04,47184000.0,47824000.0,814766000.0,-604006000.0,210760000.0,-132281000.0,-115323000.0,78479000.0,-1836000.0,-1836000.0,76643000,76643000,-16946000.0,59697000,59697000,59697000,BNED,2018-10-31
USD,2019,3,2019-03-05,2019-03-05,47561000.0,47937000.0,550330000.0,-417377000.0,132953000.0,-127432000.0,-110941000.0,5521000.0,-2546000.0,-2546000.0,2975000,475000,294000.0,769000,769000,769000,BNED,2019-01-31
USD,2019,4,2019-06-25,2021-06-30,47562000.0,46546000.0,332063000.0,-214660000.0,117403000.0,-114350000.0,-98472000.0,3053000.0,-1876000.0,-1876000.0,1177000,-61958000,15740000.0,-46218000,-46218000,-46218000,BNED,2019-04-30
USD,2020,1,2019-08-27,2019-08-27,47582000.0,47582000.0,319657000.0,-248000000.0,71657000.0,-113570000.0,-97691000.0,-41913000.0,-2532000.0,-2532000.0,-44445000,-46344000,14189000.0,-32155000,-32155000,-32155000,BNED,2019-07-31
USD,2020,2,2019-12-04,2019-12-04,47853000.0,48758000.0,772228000.0,-585278000.0,186950000.0,-128950000.0,-113404000.0,58000000.0,-1446000.0,-1446000.0,56554000,54985000,-19054000.0,35931000,35931000,35931000,BNED,2019-10-31
USD,2020,3,2020-03-03,2020-03-03,48298000.0,48298000.0,502292000.0,-383757000.0,118535000.0,-121301000.0,-106184000.0,-2766000.0,-1904000.0,-1904000.0,-4670000,-4875000,3182000.0,-1693000,-1693000,-1693000,BNED,2020-01-31
USD,2020,4,2020-08-31,2020-08-31,48319000.0,47414000.0,256886000.0,-191479000.0,65407000.0,-102511000.0,-87193000.0,-37104000.0,-1563000.0,-1563000.0,-38667000,-53994000,13661000.0,-40333000,-40333000,-40333000,BNED,2020-04-30
