Currency,Fiscal Year,Fiscal Period,Publish Date,Restated Date,Shares (Basic),Shares (Diluted),Revenue,Cost of Revenue,Gross Profit,Operating Expenses,"Selling, General & Administrative",Operating Income (Loss),Non-Operating Income (Loss),"Interest Expense, Net","Pretax Income (Loss), Adj.",Pretax Income (Loss),"Income Tax (Expense) Benefit, Net",Income (Loss) from Continuing Operations,Net Income,Net Income (Common),Ticker,Report_Date
USD,2018,2,2018-08-13,2018-08-13,5194538.0,5194538.0,1524687.0,-763768.0,760919.0,-2562333.0,-2562333.0,-1801414.0,-104515.0,-107015.0,-1905929,-1905929,0.0,-1905929,-1906625,-1906625,EAST,2018-06-30
USD,2018,3,2018-11-14,2018-11-14,6256459.0,6256459.0,1489047.0,-886828.0,602219.0,-2688426.0,-2688426.0,-2086207.0,-540250.0,-540250.0,-2626457,-2626457,0.0,-2626457,-2626991,-2626991,EAST,2018-09-30
USD,2018,4,2019-03-28,2019-03-28,7926425.0,7926425.0,1889443.0,-1535190.0,354253.0,-3464960.0,-3464960.0,-3110707.0,-85459.0,-85459.0,-3196166,-3196166,0.0,-3196166,-3195529,-3195529,EAST,2018-12-31
USD,2019,1,2019-05-13,2019-05-13,9099382.0,9099382.0,3496299.0,-2321298.0,1175001.0,-4011030.0,-4011030.0,-2836029.0,-107410.0,-107410.0,-2943439,-2943439,0.0,-2943439,-2943439,-2943439,EAST,2019-03-31
USD,2019,2,2019-08-14,2019-08-14,9143755.0,9143755.0,3895178.0,-2413240.0,1481938.0,-4313317.0,-4313317.0,-2831379.0,-117108.0,-117902.0,-2948487,-2948487,0.0,-2948487,-2948487,-2948487,EAST,2019-06-30
USD,2019,3,2019-11-14,2019-11-14,9255347.0,9255347.0,4434840.0,-2668211.0,1766629.0,-5211803.0,-5211803.0,-3445174.0,-113229.0,-113287.0,-3558403,-3544299,0.0,-3544299,-3544299,-3544299,EAST,2019-09-30
USD,2019,4,2020-03-30,2020-03-30,9604300.0,9604300.0,-200317.0,-164251.0,-364568.0,-490850.0,-490850.0,-855418.0,-2840253.0,-169401.0,-3695671,-3694775,0.0,-3694775,-7471775,-7471775,EAST,2019-12-31
USD,2020,1,2020-05-14,2021-05-13,9754850.0,9754850.0,2912000.0,-2187000.0,725000.0,-3669000.0,-3669000.0,-2944000.0,-304000.0,-304000.0,-3248000,-3249000,-60.0,-3249000,-3508000,-3508000,EAST,2020-03-31
USD,2020,2,2020-08-13,2020-08-13,9983564.0,9983564.0,4013468.0,-2447876.0,1565592.0,-3445521.0,-3445521.0,-1879929.0,-323780.0,-323780.0,-2203709,-2183352,0.0,-2183352,-2186415,-2186415,EAST,2020-06-30
