Currency,Fiscal Year,Fiscal Period,Publish Date,Restated Date,Shares (Basic),Shares (Diluted),Revenue,Cost of Revenue,Gross Profit,Operating Expenses,"Selling, General & Administrative",Operating Income (Loss),Non-Operating Income (Loss),"Interest Expense, Net","Pretax Income (Loss), Adj.",Pretax Income (Loss),"Income Tax (Expense) Benefit, Net",Income (Loss) from Continuing Operations,Net Income,Net Income (Common),Ticker,Report_Date
USD,2016,2,2016-08-03,2016-08-03,14597000.0,14597000.0,105213000.0,-92075000.0,13138000.0,-12194000.0,-6574000.0,944000.0,-344000.0,-344000.0,600000,-649000,-5000.0,-654000,-654000,-654000,BBRG,2016-06-30
USD,2016,3,2016-11-02,2016-11-02,14582000.0,14582000.0,94588000.0,-86671000.0,7917000.0,-12603000.0,-6896000.0,-4686000.0,-406000.0,-406000.0,-5092000,-5092000,2107000.0,-2985000,-2985000,-2985000,BBRG,2016-09-30
USD,2016,4,2017-03-06,2017-03-06,14775000.0,14125000.0,101653000.0,-86391000.0,15262000.0,-14482000.0,-8421000.0,780000.0,-605000.0,-605000.0,175000,-13985000,-59339000.0,-73324000,-73324000,-73324000,BBRG,2016-12-31
USD,2017,1,2017-05-03,2017-05-03,15113000.0,15138000.0,106719000.0,-92815000.0,13904000.0,-12814000.0,-7671000.0,1090000.0,-511000.0,-511000.0,579000,579000,-29000.0,550000,550000,550000,BBRG,2017-03-31
USD,2017,2,2017-08-04,2017-08-04,15174000.0,15221000.0,103041000.0,-88751000.0,14290000.0,-11639000.0,-6375000.0,2651000.0,-529000.0,-529000.0,2122000,2122000,-176000.0,1946000,1946000,1946000,BBRG,2017-06-30
USD,2017,3,2017-11-02,2017-11-02,15197000.0,15197000.0,88731000.0,-79883000.0,8848000.0,-10685000.0,-5267000.0,-1837000.0,-677000.0,-677000.0,-2514000,-2514000,42000.0,-2472000,-2472000,-2472000,BBRG,2017-09-30
USD,2017,4,2018-03-15,2018-03-15,15208000.0,15136000.0,109116000.0,-92709000.0,16407000.0,-15787000.0,-10068000.0,620000.0,-747000.0,-747000.0,-127000,-11342000,1549000.0,-9793000,-9793000,-9793000,BBRG,2017-12-31
USD,2018,1,2018-05-04,2018-05-04,15236000.0,15236000.0,97359000.0,-86509000.0,10850000.0,-11289000.0,-6367000.0,-439000.0,-693000.0,-693000.0,-1132000,-5047000,-25000.0,-5072000,-5072000,-5072000,BBRG,2018-03-31
