Currency,Fiscal Year,Fiscal Period,Publish Date,Restated Date,Shares (Basic),Shares (Diluted),Revenue,Cost of Revenue,Gross Profit,Operating Expenses,"Selling, General & Administrative",Operating Income (Loss),Non-Operating Income (Loss),"Interest Expense, Net","Pretax Income (Loss), Adj.",Pretax Income (Loss),"Income Tax (Expense) Benefit, Net",Income (Loss) from Continuing Operations,Net Income,Net Income (Common),Ticker,Report_Date
USD,2018,1,2018-05-30,2018-05-30,48791000.0,48791000.0,113331000.0,-62643000.0,50688000.0,-52914000.0,-45590000.0,-2226000.0,-886000.0,-886000.0,-3112000,-3112000,2000.0,-3110000,-3110000,-3110000,DXLG,2018-04-30
USD,2018,2,2018-08-30,2018-08-30,49060000.0,49060000.0,122206000.0,-65681000.0,56525000.0,-55177000.0,-47795000.0,1348000.0,-958000.0,-958000.0,390000,-1180000,-5000.0,-1185000,-1185000,-1185000,DXLG,2018-07-31
USD,2018,3,2018-11-30,2018-11-30,49352000.0,49352000.0,107069000.0,-60009000.0,47060000.0,-47597000.0,-40436000.0,-537000.0,-798000.0,-798000.0,-1335000,-2027000,22000.0,-2005000,-2005000,-2005000,DXLG,2018-10-31
USD,2018,4,2019-06-03,2019-06-03,49449000.0,49449000.0,131150000.0,-74134000.0,57016000.0,-56833000.0,-50047000.0,183000.0,-820000.0,-820000.0,-637000,-7262000,31000.0,-7231000,-7231000,-7231000,DXLG,2019-01-31
USD,2019,1,2019-05-24,2019-05-24,49602000.0,49602000.0,112973000.0,-63560000.0,49413000.0,-50949000.0,-44611000.0,-1536000.0,-864000.0,-864000.0,-2400000,-3102000,21000.0,-3081000,-3081000,-3081000,DXLG,2019-04-30
USD,2019,2,2019-08-28,2019-08-28,49867000.0,50175000.0,123245000.0,-68676000.0,54569000.0,-53688000.0,-47478000.0,881000.0,-851000.0,-851000.0,30000,30000,8000.0,38000,38000,38000,DXLG,2019-07-31
USD,2019,3,2019-11-22,2020-11-20,50089000.0,50089000.0,106581000.0,-62776000.0,43805000.0,-48437000.0,-42108000.0,-4632000.0,-870000.0,-870000.0,-5502000,-7239000,49000.0,-7190000,-7190000,-7190000,DXLG,2019-10-31
USD,2019,4,2020-06-01,2020-06-01,50410000.0,50102000.0,131239000.0,-74825000.0,56414000.0,-52152000.0,-46466000.0,4262000.0,-712000.0,-712000.0,3550000,2620000,-183000.0,2437000,2437000,2437000,DXLG,2020-01-31
USD,2020,1,2020-06-04,2020-06-04,50758000.0,50758000.0,57227000.0,-44013000.0,13214000.0,-37844000.0,-32112000.0,-24630000.0,-741000.0,-741000.0,-25371000,-41706000,-20000.0,-41726000,-41726000,-41726000,DXLG,2020-04-30
