Currency,Fiscal Year,Fiscal Period,Publish Date,Restated Date,Shares (Basic),Shares (Diluted),Revenue,Cost of Revenue,Gross Profit,Operating Expenses,"Selling, General & Administrative",Operating Income (Loss),Non-Operating Income (Loss),"Interest Expense, Net","Pretax Income (Loss), Adj.",Pretax Income (Loss),"Income Tax (Expense) Benefit, Net",Income (Loss) from Continuing Operations,Net Income,Net Income (Common),Ticker,Report_Date
USD,2018,4,2019-04-16,2019-04-16,254435237.0,291414249.0,17031000.0,-14109000.0,2922000.0,-6287000.0,-6287000.0,-3365000.0,-2780000.0,-2848000.0,-6145000,-971000,-29000.0,-1000000,-1000000,-1000000,TLCC,2018-12-31
USD,2019,1,2019-05-15,2019-05-15,255643828.0,255643828.0,19971000.0,-17715000.0,2256000.0,-7042000.0,-7042000.0,-4786000.0,-2735000.0,-2718000.0,-7521000,-8784000,0.0,-8784000,-8784000,-8784000,TLCC,2019-03-31
USD,2019,2,2019-08-14,2019-08-14,255643828.0,255643828.0,17736000.0,-12324000.0,5412000.0,-5805000.0,-5805000.0,-393000.0,-2711000.0,-2708000.0,-3104000,-4542000,0.0,-4542000,-4542000,-4542000,TLCC,2019-06-30
USD,2019,3,2019-11-18,2019-11-18,255643828.0,266746810.0,19851000.0,-18188000.0,1663000.0,-5498000.0,-5498000.0,-3835000.0,-2170000.0,-2154000.0,-6005000,-3216000,0.0,-3216000,-3216000,-3216000,TLCC,2019-09-30
USD,2019,4,2020-05-29,2020-05-29,255643828.0,283939490.0,15902000.0,-14048000.0,1854000.0,-7200000.0,-5874000.0,-5346000.0,-868000.0,-2296000.0,-6214000,-27880000,-79000.0,-27959000,-27959000,-27959000,TLCC,2019-12-31
USD,2020,1,2020-07-06,2021-05-17,256785233.0,256785233.0,16429000.0,-11265000.0,5164000.0,-7140000.0,-7140000.0,-1976000.0,-2158000.0,-2158000.0,-4134000,-5164000,-8136.363636363636,-5164000,-5164000,-5164000,TLCC,2020-03-31
USD,2020,2,2020-08-18,2020-08-18,257210800.0,258235795.0,12212000.0,-9388000.0,2824000.0,-3069000.0,-2728000.0,-245000.0,-2003000.0,-2148000.0,-2248000,-1362000,-8136.363636363636,-1362000,-1362000,-1362000,TLCC,2020-06-30
