Currency,Fiscal Year,Fiscal Period,Publish Date,Restated Date,Shares (Basic),Shares (Diluted),Revenue,Cost of Revenue,Gross Profit,Operating Expenses,"Selling, General & Administrative",Operating Income (Loss),Non-Operating Income (Loss),"Interest Expense, Net","Pretax Income (Loss), Adj.",Pretax Income (Loss),"Income Tax (Expense) Benefit, Net",Income (Loss) from Continuing Operations,Net Income,Net Income (Common),Ticker,Report_Date
USD,2018,3,2018-10-31,2018-10-31,52736000.0,53112000.0,238280000.0,-51256000.0,187024000.0,-150783000.0,-96443000.0,36241000.0,-14294000.0,-12365000.0,21947000,21947000,-5671000.0,16276000,16276000,16276000,OGS,2018-09-30
USD,2018,4,2019-02-20,2019-02-20,52740000.0,53208000.0,464466000.0,-218802000.0,245664000.0,-164809000.0,-109599000.0,80855000.0,-19657000.0,-14585000.0,61198000,61198000,-16494000.0,44704000,44704000,44704000,OGS,2018-12-31
USD,2019,1,2019-04-30,2019-04-30,52825000.0,53206000.0,661000000.0,-365076000.0,295924000.0,-168305000.0,-108275000.0,127619000.0,-15357000.0,-15786000.0,112262000,112262000,-18602000.0,93660000,93660000,93660000,OGS,2019-03-31
USD,2019,2,2019-07-30,2019-07-30,52890000.0,53215000.0,290560000.0,-82588000.0,207972000.0,-161081000.0,-101482000.0,46891000.0,-16264000.0,-15399000.0,30627000,30627000,-6157000.0,24470000,24470000,24470000,OGS,2019-06-30
USD,2019,3,2019-10-29,2019-10-29,52933000.0,53267000.0,248563000.0,-49607000.0,198956000.0,-160179000.0,-100486000.0,38777000.0,-17180000.0,-15783000.0,21597000,21597000,-4140000.0,17457000,17457000,17457000,OGS,2019-09-30
USD,2019,4,2020-02-20,2020-02-20,52932000.0,53272000.0,452607000.0,-190703000.0,261904000.0,-179933000.0,-118883000.0,81971000.0,-16856000.0,-15713000.0,65115000,65115000,-13953000.0,51162000,51162000,51162000,OGS,2019-12-31
USD,2020,1,2020-04-28,2021-05-04,53007000.0,53268000.0,528168000.0,-226139000.0,302029000.0,-168825000.0,-104839000.0,133204000.0,-21481000.0,-15693000.0,111723000,111723000,-20046000.0,91677000,91677000,91677000,OGS,2020-03-31
USD,2020,2,2020-07-28,2020-07-28,53053000.0,53264000.0,273287000.0,-62510000.0,210777000.0,-166169000.0,-103517000.0,44608000.0,-13449000.0,-15843000.0,31159000,31159000,-5834000.0,25325000,25325000,25325000,OGS,2020-06-30
