Currency,Fiscal Year,Fiscal Period,Publish Date,Restated Date,Shares (Basic),Shares (Diluted),Revenue,Cost of Revenue,Gross Profit,Operating Expenses,"Selling, General & Administrative",Operating Income (Loss),Non-Operating Income (Loss),"Interest Expense, Net","Pretax Income (Loss), Adj.",Pretax Income (Loss),"Income Tax (Expense) Benefit, Net",Income (Loss) from Continuing Operations,Net Income,Net Income (Common),Ticker,Report_Date
USD,2019,1,2019-05-03,2020-05-07,113726000.0,113933000.0,401178000.0,-149377000.0,251801000.0,-148968000.0,-12337000.0,102833000.0,-45581000.0,-45700000.0,57252000,66202000,-641000.0,65958000,63660000,62738000,MAA,2019-03-31
USD,2019,2,2019-08-01,2020-07-30,113838000.0,114087000.0,407390000.0,-154142000.0,253248000.0,-147796000.0,-10398000.0,105452000.0,-41361000.0,-45936000.0,64091000,64388000,-682000.0,64141000,61917000,60995000,MAA,2019-06-30
USD,2019,3,2019-10-31,2020-10-29,113877000.0,114137000.0,415632000.0,-159539000.0,256093000.0,-148808000.0,-10225000.0,107285000.0,-25713000.0,-44513000.0,81572000,82572000,-1491000.0,81459000,78645000,77723000,MAA,2019-09-30
USD,2019,4,2020-02-20,2021-02-18,113975000.0,114295000.0,416817000.0,-149787000.0,267030000.0,-150127000.0,-10885000.0,116903000.0,-44193000.0,-43698000.0,72710000,155498000,-882000.0,155060000,149589000,148667000,MAA,2019-12-31
USD,2020,1,2020-05-07,2021-04-29,114111000.0,114494000.0,418098000.0,-91368000.0,326730000.0,-216099000.0,-13264000.0,110631000.0,-72014000.0,-43482000.0,38617000,38212000,-667000.0,37952000,36648000,35726000,MAA,2020-03-31
USD,2020,2,2020-07-30,2020-07-30,114204000.0,114438000.0,413026000.0,-157471000.0,255555000.0,-149477000.0,-10557000.0,106078000.0,-27475000.0,-42118000.0,78603000,78610000,-1200000.0,77728000,75062000,74140000,MAA,2020-06-30
