Currency,Fiscal Year,Fiscal Period,Publish Date,Restated Date,Shares (Basic),Shares (Diluted),Revenue,Cost of Revenue,Gross Profit,Operating Expenses,"Selling, General & Administrative",Operating Income (Loss),Non-Operating Income (Loss),"Interest Expense, Net","Pretax Income (Loss), Adj.",Pretax Income (Loss),"Income Tax (Expense) Benefit, Net",Income (Loss) from Continuing Operations,Net Income,Net Income (Common),Ticker,Report_Date
USD,2012,4,2013-11-04,2014-02-25,768000000.0,758000000.0,4058000000.0,-3217000000.0,841000000.0,-596000000.0,-533000000.0,245000000.0,-156000000.0,-126000000.0,89000000,89000000,-203000000.0,-114000000,-122000000,-122000000,WFT_old,2012-12-31
USD,2013,1,2013-05-03,2014-04-29,769000000.0,773000000.0,3837000000.0,-3006000000.0,831000000.0,-558000000.0,-491000000.0,273000000.0,-144000000.0,-131000000.0,129000000,35000000,-5000000.0,30000000,22000000,22000000,WFT_old,2013-03-31
USD,2013,2,2013-07-31,2013-07-31,770000000.0,770000000.0,3868000000.0,-3126000000.0,742000000.0,-536000000.0,-465000000.0,206000000.0,-146000000.0,-128000000.0,60000000,-91000000,-20000000.0,-111000000,-118000000,-118000000,WFT_old,2013-06-30
USD,2013,3,2013-11-05,2013-11-05,773000000.0,779000000.0,3820000000.0,-3036000000.0,784000000.0,-545000000.0,-480000000.0,239000000.0,-159000000.0,-129000000.0,80000000,80000000,-49000000.0,31000000,22000000,22000000,WFT_old,2013-09-30
USD,2013,4,2014-04-16,2014-04-16,776000000.0,766000000.0,3738000000.0,-3134000000.0,604000000.0,-670000000.0,-608000000.0,-66000000.0,-144000000.0,-128000000.0,-210000000,-194000000,-70000000.0,-264000000,-271000000,-271000000,WFT_old,2013-12-31
USD,2014,1,2014-04-29,2014-04-29,776000000.0,776000000.0,3596000000.0,-2839000000.0,757000000.0,-557000000.0,-488000000.0,200000000.0,-135000000.0,-126000000.0,65000000,-5000000,-27000000.0,-32000000,-41000000,-41000000,WFT_old,2014-03-31
