Currency,Fiscal Year,Fiscal Period,Publish Date,Restated Date,Shares (Basic),Shares (Diluted),Revenue,Cost of Revenue,Gross Profit,Operating Expenses,"Selling, General & Administrative",Operating Income (Loss),Non-Operating Income (Loss),"Interest Expense, Net","Pretax Income (Loss), Adj.",Pretax Income (Loss),"Income Tax (Expense) Benefit, Net",Income (Loss) from Continuing Operations,Net Income,Net Income (Common),Ticker,Report_Date
USD,2018,4,2019-03-13,2019-03-13,17970221.0,17970221.0,0.0,-697666.6666666666,0.0,-2440000.0,-1614000.0,-2440000.0,-652000.0,-656000.0,-3092000,-2623000,210000.0,-2413000,-2413000,-2413000,GIDYL,2018-12-31
USD,2019,1,2019-05-17,2019-05-17,19277545.0,19277545.0,201894.73684210525,-697666.6666666666,-348894.7368421053,-2170000.0,-1360000.0,-2170000.0,-183000.0,-174000.0,-2353000,-2323000,-6000.0,-2329000,-2329000,-2329000,GIDYL,2019-03-31
USD,2019,2,2019-08-15,2019-08-15,19277545.0,19277545.0,201894.73684210525,-697666.6666666666,-348894.7368421053,-2209000.0,-1399000.0,-2209000.0,-5897000.0,-5912000.0,-8106000,-9732000,-26000.0,-9758000,-9758000,-9758000,GIDYL,2019-06-30
USD,2019,3,2019-11-08,2020-11-10,31239071.0,31239071.0,201894.73684210525,-697666.6666666666,-348894.7368421053,-2651000.0,-1260000.0,-2651000.0,-103000.0,-109000.0,-2754000,-2763000,-1000.0,-2763000,-2763000,-2763000,GIDYL,2019-09-30
USD,2019,4,2020-04-29,2020-04-29,33752299.0,33752299.0,201894.73684210525,-697666.6666666666,-348894.7368421053,-2512000.0,-1298000.0,-2512000.0,19000.0,20000.0,-2493000,-2470000,-13000.0,-2483000,-2483000,-2483000,GIDYL,2019-12-31
USD,2020,1,2020-05-06,2021-05-07,36598291.0,36598291.0,201894.73684210525,-697666.6666666666,-348894.7368421053,-2716000.0,-1543000.0,-2716000.0,-284000.0,-284000.0,-3000000,-2836000,-5000.0,-2841000,-2841000,-2841000,GIDYL,2020-03-31
USD,2020,2,2020-08-07,2020-08-07,36598291.0,36598291.0,201894.73684210525,-697666.6666666666,-348894.7368421053,-2486000.0,-1628000.0,-2486000.0,-341000.0,-352000.0,-2827000,-2827000,-5000.0,-2832000,-2832000,-2832000,GIDYL,2020-06-30
