Currency,Fiscal Year,Fiscal Period,Publish Date,Restated Date,Shares (Basic),Shares (Diluted),Revenue,Cost of Revenue,Gross Profit,Operating Expenses,"Selling, General & Administrative",Operating Income (Loss),Non-Operating Income (Loss),"Interest Expense, Net","Pretax Income (Loss), Adj.",Pretax Income (Loss),"Income Tax (Expense) Benefit, Net",Income (Loss) from Continuing Operations,Net Income,Net Income (Common),Ticker,Report_Date
USD,2018,1,2018-06-07,2018-06-07,63927454.0,63927454.0,289207000.0,-114092000.0,175115000.0,-167333000.0,-107497000.0,7782000.0,-8733000.0,-8269000.0,-951000,-951000,-274000.0,-1225000,-2215000,-2215000,VRNT,2018-04-30
USD,2018,2,2018-09-05,2018-09-05,64693448.0,65839438.0,306327000.0,-113307000.0,193020000.0,-163789000.0,-104083000.0,29231000.0,-10029000.0,-8788000.0,19202000,19202000,3722000.0,22924000,21980000,21980000,VRNT,2018-07-31
USD,2018,3,2018-12-06,2018-12-06,65121444.0,66199435.0,303983000.0,-111239000.0,192744000.0,-159074000.0,-99902000.0,33670000.0,-7856000.0,-7367000.0,25814000,25814000,-5601000.0,20213000,18920000,18920000,VRNT,2018-10-31
USD,2018,4,2019-03-28,2019-03-28,65907437.0,69011411.0,330230000.0,-110575000.0,219655000.0,-176103000.0,-114701000.0,43552000.0,-9855000.0,-8143000.0,33697000,33697000,-5389000.0,28308000,27306000,27306000,VRNT,2019-01-31
USD,2019,1,2019-06-06,2019-06-06,65437441.0,67087427.0,315259000.0,-114188000.0,201071000.0,-186603000.0,-121721000.0,14468000.0,-9298000.0,-8508000.0,5170000,5170000,-1409000.0,3761000,1576000,1576000,VRNT,2019-04-30
USD,2019,2,2019-09-04,2019-09-04,66271434.0,67518423.0,324305000.0,-116441000.0,207864000.0,-192589000.0,-126265000.0,15275000.0,-7511000.0,-8420000.0,7764000,7764000,4507000.0,12271000,10558000,10558000,VRNT,2019-07-31
USD,2019,3,2019-12-04,2020-12-09,66798430.0,67441424.0,324867000.0,-113272000.0,211595000.0,-181778000.0,-116306000.0,29817000.0,-7616000.0,-8698000.0,22201000,22201000,-9218000.0,12983000,11681000,11681000,VRNT,2019-10-31
USD,2019,4,2020-03-31,2020-03-31,66006436.0,67370425.0,339203000.0,-119865000.0,219338000.0,-191042000.0,-124579000.0,28296000.0,-10128000.0,-9132000.0,18168000,18168000,-11500000.0,6668000,4869000,4869000,VRNT,2020-01-31
USD,2020,1,2020-06-09,2020-06-09,64375450.0,64375450.0,287295000.0,-102326000.0,184969000.0,-178795000.0,-111651000.0,6174000.0,-11911000.0,-9681000.0,-5737000,-5737000,1762000.0,-3975000,-6014000,-6014000,VRNT,2020-04-30
