Currency,Fiscal Year,Fiscal Period,Publish Date,Restated Date,Shares (Basic),Shares (Diluted),Revenue,Cost of Revenue,Gross Profit,Operating Expenses,"Selling, General & Administrative",Operating Income (Loss),Non-Operating Income (Loss),"Interest Expense, Net","Pretax Income (Loss), Adj.",Pretax Income (Loss),"Income Tax (Expense) Benefit, Net",Income (Loss) from Continuing Operations,Net Income,Net Income (Common),Ticker,Report_Date
USD,2018,3,2018-11-02,2018-11-02,860988000.0,887228000.0,233243000.0,-78592000.0,154651000.0,-149881000.0,-78757000.0,4770000.0,5435000.0,1421000.0,10205000,10205000,-5000.0,10200000,10200000,10200000,ZNGA,2018-09-30
USD,2018,4,2019-02-28,2021-02-26,860559000.0,918668000.0,248680000.0,-82884000.0,165796000.0,-165037000.0,-94077000.0,759000.0,4649000.0,1269000.0,5408000,5408000,-4806000.0,602000,602000,602000,ZNGA,2018-12-31
USD,2019,1,2019-05-07,2019-05-07,926230000.0,926230000.0,265403000.0,-121643000.0,143760000.0,-285395000.0,-123515000.0,-141635000.0,2555000.0,443000.0,-139080000,-139080000,10252000.0,-128828000,-128828000,-128828000,ZNGA,2019-03-31
USD,2019,2,2019-08-01,2019-08-01,937334000.0,937334000.0,306500000.0,-126872000.0,179628000.0,-240862000.0,-138768000.0,-61234000.0,2599000.0,-1278000.0,-58635000,-58635000,2805000.0,-55830000,-55830000,-55830000,ZNGA,2019-06-30
USD,2019,3,2019-10-31,2019-10-31,943350000.0,973830000.0,345293000.0,-133859000.0,211434000.0,-285097000.0,-147610000.0,-73663000.0,313626000.0,-131000.0,239963000,239963000,-9880000.0,230083000,230083000,230083000,ZNGA,2019-09-30
USD,2019,4,2020-02-28,2020-02-28,947922000.0,1058686000.0,404504000.0,-141726000.0,262778000.0,-258446000.0,-154007000.0,4332000.0,720000.0,-2034000.0,5052000,5052000,-8577000.0,-3525000,-3525000,-3525000,ZNGA,2019-12-31
USD,2020,1,2020-05-07,2021-05-06,952502000.0,952502000.0,403800000.0,-146200000.0,257600000.0,-349200000.0,-151400000.0,-91600000.0,-3800000.0,-1500000.0,-95400000,-95400000,-8500000.0,-103900000,-103900000,-103900000,ZNGA,2020-03-31
USD,2020,2,2020-08-06,2020-08-06,956854000.0,956854000.0,451688000.0,-179208000.0,272480000.0,-401799000.0,-173847000.0,-129319000.0,-2792000.0,-3363000.0,-132111000,-132111000,-18189000.0,-150300000,-150300000,-150300000,ZNGA,2020-06-30
