Currency,Fiscal Year,Fiscal Period,Publish Date,Restated Date,Shares (Basic),Shares (Diluted),Revenue,Cost of Revenue,Gross Profit,Operating Expenses,"Selling, General & Administrative",Operating Income (Loss),Non-Operating Income (Loss),"Interest Expense, Net","Pretax Income (Loss), Adj.",Pretax Income (Loss),"Income Tax (Expense) Benefit, Net",Income (Loss) from Continuing Operations,Net Income,Net Income (Common),Ticker,Report_Date
USD,2018,2,2018-11-08,2019-11-08,29849000.0,30028000.0,501913000.0,-250026000.0,251887000.0,-161475000.0,-161475000.0,90412000.0,-637000.0,-826000.0,89775000,89775000,-15403000.0,74372000,74372000,74372000,DECK,2018-09-30
USD,2018,3,2019-02-07,2020-02-06,29157000.0,29397000.0,873800000.0,-403707000.0,470093000.0,-225375000.0,-225375000.0,244718000.0,-51000.0,-64000.0,244667000,244667000,-48293000.0,196374000,196374000,196374000,DECK,2018-12-31
USD,2018,4,2019-05-30,2021-05-28,29135000.0,29764000.0,394130000.0,-190825000.0,203305000.0,-171701000.0,-171701000.0,31604000.0,1939000.0,1905000.0,33543000,33543000,-9574000.0,23969000,23969000,23969000,DECK,2019-03-31
USD,2019,1,2019-08-08,2020-08-06,29089000.0,29089000.0,276839000.0,-146820000.0,130019000.0,-161436000.0,-161436000.0,-31417000.0,1812000.0,1720000.0,-29605000,-29605000,10254000.0,-19351000,-19351000,-19351000,DECK,2019-06-30
USD,2019,2,2019-11-08,2020-11-05,28483000.0,28705000.0,542205000.0,-269181000.0,273024000.0,-175893000.0,-175893000.0,97131000.0,92000.0,6000.0,97223000,97223000,-19413000.0,77810000,77810000,77810000,DECK,2019-09-30
USD,2019,3,2020-02-06,2021-02-08,27978000.0,28249000.0,938735000.0,-431103000.0,507632000.0,-251866000.0,-251866000.0,255766000.0,837000.0,720000.0,256603000,256603000,-55010000.0,201593000,201593000,201593000,DECK,2019-12-31
USD,2019,4,2020-06-01,2021-05-28,27990000.0,28733000.0,374910000.0,-181912000.0,192998000.0,-176343000.0,-176343000.0,16655000.0,-10000.0,-231000.0,16645000,16645000,-555000.0,16090000,16090000,16090000,DECK,2020-03-31
USD,2020,1,2020-08-06,2020-08-06,28001000.0,28001000.0,283169000.0,-140603000.0,142566000.0,-150265000.0,-150265000.0,-7699000.0,-373000.0,-516000.0,-8072000,-8072000,99000.0,-7973000,-7973000,-7973000,DECK,2020-06-30
