Currency,Fiscal Year,Fiscal Period,Publish Date,Restated Date,Shares (Basic),Shares (Diluted),Revenue,Cost of Revenue,Gross Profit,Operating Expenses,"Selling, General & Administrative",Operating Income (Loss),Non-Operating Income (Loss),"Interest Expense, Net","Pretax Income (Loss), Adj.",Pretax Income (Loss),"Income Tax (Expense) Benefit, Net",Income (Loss) from Continuing Operations,Net Income,Net Income (Common),Ticker,Report_Date
USD,2018,1,2018-05-14,2018-05-14,19744144.0,19758402.0,42994000.0,-17982000.0,25012000.0,-24988000.0,-9410000.0,24000.0,-1712000.0,-1712000.0,-1688000,-2058000,-250000.0,-2308000,-2308000,-2311000,YGYI,2018-03-31
USD,2018,2,2018-08-14,2018-08-14,21506883.0,21506883.0,44255000.0,-18873000.0,25382000.0,-24729000.0,-8242000.0,653000.0,-1549000.0,-1549000.0,-896000,-704000,90000.0,-614000,-614000,-656000,YGYI,2018-06-30
USD,2018,3,2018-11-14,2018-11-14,21686085.0,21686085.0,39082000.0,-15370000.0,23712000.0,-22918000.0,-7842000.0,794000.0,-1407000.0,-1407000.0,-613000,-8351000,-59000.0,-8410000,-8410000,-9888000,YGYI,2018-09-30
USD,2018,4,2019-04-15,2021-06-25,23419792.0,23405534.0,36114000.0,-15188000.0,20926000.0,-21859000.0,-7913000.0,-933000.0,-1916000.0,-1916000.0,-2849000,-8541000,-197000.0,-8738000,-8738000,-10642000,YGYI,2018-12-31
USD,2019,1,2019-05-20,2019-05-20,27577576.0,28025172.0,56300000.0,-29451000.0,26849000.0,-38790000.0,-23900000.0,-11941000.0,-1507000.0,-1507000.0,-13448000,-11962000,-298000.0,-12260000,-12260000,-12274000,YGYI,2019-03-31
USD,2019,2,2019-08-14,2019-08-14,29133150.0,29357347.0,53687000.0,-27765000.0,25922000.0,-25534000.0,-11037000.0,388000.0,-1062000.0,-1062000.0,-674000,-273000,226000.0,-47000,-47000,-75000,YGYI,2019-06-30
USD,2019,3,2019-11-18,2019-11-18,30035182.0,30039676.0,34017000.0,-14279000.0,19738000.0,-28217000.0,-15095000.0,-8479000.0,-1109000.0,-1109000.0,-9588000,-8007000,133000.0,-7874000,-7874000,-7959000,YGYI,2019-09-30
USD,2019,4,2021-06-25,2021-06-25,30310620.0,29718061.0,3438000.0,18013000.0,21451000.0,-39914000.0,-25935000.0,-18463000.0,860000.0,860000.0,-17603000,-31737000,-70000.0,-31807000,-31807000,-32360000,YGYI,2019-12-31
