Currency,Fiscal Year,Fiscal Period,Publish Date,Restated Date,Shares (Basic),Shares (Diluted),Revenue,Cost of Revenue,Gross Profit,Operating Expenses,"Selling, General & Administrative",Operating Income (Loss),Non-Operating Income (Loss),"Interest Expense, Net","Pretax Income (Loss), Adj.",Pretax Income (Loss),"Income Tax (Expense) Benefit, Net",Income (Loss) from Continuing Operations,Net Income,Net Income (Common),Ticker,Report_Date
USD,2017,2,2017-08-09,2018-08-09,162510616.0,162510616.0,998700000.0,-468700000.0,530000000.0,-376400000.0,-219000000.0,153600000.0,-33100000.0,-29700000.0,120500000,120500000,-33600000.0,86900000,68800000,68800000,VNTV,2017-06-30
USD,2017,3,2017-10-26,2018-11-08,162882396.0,162882396.0,1033700000.0,-479500000.0,554200000.0,-385300000.0,-223400000.0,168900000.0,-17300000.0,-38500000.0,151600000,151600000,-44700000.0,106900000,92100000,92100000,VNTV,2017-09-30
USD,2017,4,2018-02-28,2018-02-28,128338892.0,128338892.0,1065877000.0,-496865000.0,569012000.0,-443765000.0,-277907000.0,125247000.0,375865000.0,-43261000.0,501112000,501112000,-547520000.0,-46408000,-59690000,-59690000,VNTV,2017-12-31
USD,2018,1,2018-05-10,2018-05-10,274098480.0,274098480.0,850700000.0,0.0,850700000.0,-878400000.0,-516100000.0,-27700000.0,-83800000.0,-75200000.0,-111500000,-111500000,13200000.0,-98300000,-97600000,-97600000,VNTV,2018-03-31
USD,2018,2,2018-08-09,2018-08-09,296204304.0,296204304.0,1006800000.0,0.0,1006800000.0,-893600000.0,-420200000.0,113200000.0,-101900000.0,-79900000.0,11300000,11300000,-12800000.0,-1500000,-2900000,-2900000,VNTV,2018-06-30
USD,2018,3,2018-11-08,2018-11-08,313881826.0,313881826.0,1017900000.0,0.0,1017900000.0,-940200000.0,-436500000.0,77700000.0,-78700000.0,-75200000.0,-1000000,-1000000,4600000.0,3600000,2800000,2800000,VNTV,2018-09-30
USD,2018,4,2019-02-26,2019-02-26,296672518.0,296672518.0,1050000000.0,0.0,1050000000.0,-874600000.0,-421000000.0,175400000.0,-82300000.0,-74600000.0,93100000,93100000,22700000.0,115800000,110500000,110500000,VNTV,2018-12-31
USD,2019,1,2019-05-03,2019-05-03,303876967.0,303876967.0,970000000.0,-282850310.3448276,970000000.0,-863700000.0,-418300000.0,106300000.0,-68600000.0,-72100000.0,37700000,37700000,400000.0,38100000,36400000,36400000,VNTV,2019-03-31
USD,2019,2,2019-08-06,2019-08-06,313083818.0,313083818.0,1073000000.0,-282850310.3448276,1073000000.0,-836500000.0,-409600000.0,236500000.0,-73400000.0,-69200000.0,163100000,163100000,-18600000.0,144500000,143300000,143300000,VNTV,2019-06-30
