Currency,Fiscal Year,Fiscal Period,Publish Date,Restated Date,Shares (Basic),Shares (Diluted),Revenue,Cost of Revenue,Gross Profit,Operating Expenses,"Selling, General & Administrative",Operating Income (Loss),Non-Operating Income (Loss),"Interest Expense, Net","Pretax Income (Loss), Adj.",Pretax Income (Loss),"Income Tax (Expense) Benefit, Net",Income (Loss) from Continuing Operations,Net Income,Net Income (Common),Ticker,Report_Date
USD,2016,3,2016-10-27,2016-10-27,285858000.0,288195000.0,2716000000.0,-1533000000.0,1183000000.0,-586000000.0,-291000000.0,597000000.0,-143000000.0,-43000000.0,454000000,454000000,-120000000.0,344000000,339000000,339000000,PX,2016-09-30
USD,2016,4,2017-03-01,2017-03-01,285719000.0,288441000.0,2644000000.0,-1478000000.0,1166000000.0,-567000000.0,-272000000.0,599000000.0,-38000000.0,-38000000.0,561000000,561000000,-152000000.0,419000000,406000000,406000000,PX,2016-12-31
USD,2017,1,2017-04-27,2018-04-26,285509000.0,287384000.0,2728000000.0,-1549000000.0,1179000000.0,-606000000.0,-290000000.0,573000000.0,-47000000.0,-41000000.0,526000000,541000000,-149000000.0,404000000,389000000,389000000,PX,2017-03-31
USD,2017,2,2017-07-27,2018-07-26,286090000.0,288535000.0,2834000000.0,-1599000000.0,1235000000.0,-614000000.0,-305000000.0,621000000.0,-53000000.0,-38000000.0,568000000,566000000,-157000000.0,420000000,406000000,406000000,PX,2017-06-30
USD,2017,3,2017-10-26,2018-11-09,286467000.0,289216000.0,2922000000.0,-1652000000.0,1270000000.0,-624000000.0,-300000000.0,646000000.0,-55000000.0,-41000000.0,591000000,585000000,-162000000.0,435000000,419000000,419000000,PX,2017-09-30
USD,2017,4,2018-04-30,2018-11-09,286978000.0,291321000.0,2953000000.0,-1655000000.0,1298000000.0,-636000000.0,-312000000.0,662000000.0,-60000000.0,-41000000.0,602000000,595000000,-558000000.0,49000000,33000000,33000000,PX,2017-12-31
USD,2018,1,2018-04-26,2018-04-26,287504000.0,290809000.0,2999000000.0,-1677000000.0,1322000000.0,-650000000.0,-310000000.0,672000000.0,-65000000.0,-46000000.0,607000000,605000000,-148000000.0,472000000,462000000,462000000,PX,2018-03-31
USD,2018,2,2018-07-26,2018-07-26,287803000.0,290908000.0,3061000000.0,-1723000000.0,1338000000.0,-625000000.0,-307000000.0,713000000.0,-68000000.0,-44000000.0,645000000,643000000,-158000000.0,499000000,480000000,480000000,PX,2018-06-30
USD,2018,3,2018-11-09,2018-11-09,288093000.0,291513000.0,3024000000.0,-1714000000.0,1310000000.0,-610000000.0,-294000000.0,700000000.0,-71000000.0,-40000000.0,629000000,623000000,-156000000.0,480000000,461000000,461000000,PX,2018-09-30
