Currency,Fiscal Year,Fiscal Period,Publish Date,Restated Date,Shares (Basic),Shares (Diluted),Revenue,Cost of Revenue,Gross Profit,Operating Expenses,"Selling, General & Administrative",Operating Income (Loss),Non-Operating Income (Loss),"Interest Expense, Net","Pretax Income (Loss), Adj.",Pretax Income (Loss),"Income Tax (Expense) Benefit, Net",Income (Loss) from Continuing Operations,Net Income,Net Income (Common),Ticker,Report_Date
USD,2016,3,2016-11-08,2017-11-08,49221000.0,50771000.0,190686000.0,-58380000.0,132306000.0,-111101000.0,-74398000.0,21205000.0,-8270000.0,-8270000.0,12935000,9823000,-6477000.0,3346000,3346000,3346000,WEB,2016-09-30
USD,2016,4,2017-02-28,2018-02-23,49158000.0,52350000.0,187203000.0,-56843000.0,130360000.0,-109557000.0,-72956000.0,20803000.0,-7932000.0,-7932000.0,12871000,4189000,-2276000.0,1913000,1913000,1913000,WEB,2016-12-31
USD,2017,1,2017-05-05,2018-05-04,49076000.0,50800000.0,185118000.0,-57922000.0,127196000.0,-106188000.0,-70754000.0,21008000.0,-7891000.0,-7891000.0,13117000,12652000,-6134000.0,6518000,6518000,6518000,WEB,2017-03-31
USD,2017,2,2017-08-04,2017-08-04,49488000.0,51186000.0,186731000.0,-58527000.0,128204000.0,-105206000.0,-70482000.0,22998000.0,-8146000.0,-8146000.0,14852000,14852000,-6806000.0,8046000,8046000,8046000,WEB,2017-06-30
USD,2017,3,2017-11-08,2017-11-08,48888000.0,51013000.0,188567000.0,-59414000.0,129153000.0,-105126000.0,-71194000.0,24027000.0,-8567000.0,-8567000.0,15460000,15036000,-6735000.0,8301000,8301000,8301000,WEB,2017-09-30
USD,2017,4,2018-02-23,2018-02-23,47064000.0,49617000.0,188845000.0,-60667000.0,128178000.0,-106045000.0,-68607000.0,22133000.0,-8457000.0,-8457000.0,13676000,13014000,17750000.0,30764000,30764000,30764000,WEB,2017-12-31
USD,2018,1,2018-05-04,2018-05-04,47481000.0,49066000.0,186741000.0,-62714000.0,124027000.0,-105699000.0,-68184000.0,18328000.0,-8760000.0,-8760000.0,9568000,6772000,-2196000.0,4576000,4576000,4576000,WEB,2018-03-31
USD,2018,2,2018-07-31,2018-07-31,48007000.0,49236000.0,186690000.0,-61304000.0,125386000.0,-107016000.0,-72384000.0,18370000.0,-8334000.0,-8334000.0,10036000,9346000,-3134000.0,6212000,6212000,6212000,WEB,2018-06-30
