Currency,Fiscal Year,Fiscal Period,Publish Date,Restated Date,Shares (Basic),Shares (Diluted),Revenue,Cost of Revenue,Gross Profit,Operating Expenses,"Selling, General & Administrative",Operating Income (Loss),Non-Operating Income (Loss),"Interest Expense, Net","Pretax Income (Loss), Adj.",Pretax Income (Loss),"Income Tax (Expense) Benefit, Net",Income (Loss) from Continuing Operations,Net Income,Net Income (Common),Ticker,Report_Date
USD,2019,1,2019-05-01,2020-05-15,119880915.0,122175744.0,5216200000.0,-4209200000.0,1007000000.0,-642400000.0,-57600000.0,364600000.0,-39500000.0,-39500000.0,325100000,321900000,-80500000.0,241400000,229200000,229200000,PBF,2019-03-31
USD,2019,2,2019-08-01,2020-07-31,119181845.0,119181845.0,6560000000.0,-5955800000.0,604200000.0,-593900000.0,-53600000.0,10300000.0,-42100000.0,-42100000.0,-31800000,-32100000,10500000.0,-21600000,-32200000,-32200000,PBF,2019-06-30
USD,2019,3,2019-10-31,2020-10-29,119921346.0,121589179.0,6430500000.0,-5700200000.0,730300000.0,-611000000.0,-64700000.0,119300000.0,-39700000.0,-39700000.0,79600000,108300000,-22000000.0,86300000,69500000,69500000,PBF,2019-09-30
USD,2019,4,2020-02-20,2021-02-18,120566478.0,124466428.0,6301500000.0,-5522300000.0,779200000.0,-655100000.0,-108100000.0,124100000.0,-38300000.0,-38300000.0,85800000,81400000,-12300000.0,69100000,52900000,52900000,PBF,2019-12-31
USD,2020,1,2020-05-15,2021-04-29,119380210.0,119380210.0,5277500000.0,-5963300000.0,-685800000.0,-733800000.0,-82500000.0,-1419600000.0,-49200000.0,-49200000.0,-1468800000,-1437100000,374600000.0,-1062500000,-1065900000,-1065900000,PBF,2020-03-31
USD,2020,2,2020-07-31,2020-07-31,120010882.0,121428900.0,2515800000.0,-1753100000.0,762700000.0,-625100000.0,-57900000.0,137600000.0,-65500000.0,-65500000.0,72100000,551300000,-138300000.0,413000000,389100000,389100000,PBF,2020-06-30
