Currency,Fiscal Year,Fiscal Period,Publish Date,Restated Date,Shares (Basic),Shares (Diluted),Revenue,Cost of Revenue,Gross Profit,Operating Expenses,"Selling, General & Administrative",Operating Income (Loss),Non-Operating Income (Loss),"Interest Expense, Net","Pretax Income (Loss), Adj.",Pretax Income (Loss),"Income Tax (Expense) Benefit, Net",Income (Loss) from Continuing Operations,Net Income,Net Income (Common),Ticker,Report_Date
USD,2018,2,2018-08-01,2018-08-01,218900000.0,218900000.0,435949000.0,-68149000.0,367800000.0,-205905000.0,-14731000.0,161895000.0,23000.0,-40472000.0,161918000,34845000,-282000.0,34563000,67580000,67580000,WES,2018-06-30
USD,2018,3,2018-10-31,2018-10-31,218938000.0,218938000.0,507762000.0,-105966000.0,401796000.0,-220024000.0,-15158000.0,181772000.0,-326000.0,-44091000.0,181446000,156194000,-1517000.0,154677000,107474000,107474000,WES,2018-09-30
USD,2018,4,2019-02-20,2019-02-20,219006000.0,219006000.0,918779000.0,-163591000.0,755188000.0,-370672000.0,-22342000.0,384516000.0,38958000.0,-46247000.0,423474000,346559000,-55633000.0,290926000,275512000,275512000,WES,2018-12-31
USD,2019,1,2019-05-01,2019-05-01,299556000.0,299556000.0,671883000.0,-114063000.0,557820000.0,-295904000.0,-22844000.0,261916000.0,-38865000.0,-61651000.0,223051000,222071000,-10092000.0,211979000,118660000,118660000,WES,2019-03-31
USD,2019,2,2019-07-31,2019-07-31,453000000.0,453000000.0,685054000.0,-122877000.0,562177000.0,-313857000.0,-30027000.0,248320000.0,-70126000.0,-75247000.0,178194000,176336000,-1278000.0,175058000,169594000,169594000,WES,2019-06-30
USD,2019,3,2019-11-04,2019-11-04,453021000.0,453021000.0,666027000.0,-97800000.0,568227000.0,-350536000.0,-30769000.0,217691000.0,-88300000.0,-74299000.0,129391000,126532000,-1309000.0,125223000,121217000,121217000,WES,2019-09-30
USD,2019,4,2020-02-27,2020-02-27,457599000.0,457599000.0,723210000.0,-109507000.0,613703000.0,-340120000.0,-30951000.0,273583000.0,24638000.0,-75189000.0,298221000,296233000,-793000.0,295440000,287770000,287770000,WES,2019-12-31
USD,2020,1,2020-05-05,2021-05-10,443971000.0,443971000.0,774313000.0,-103270000.0,671043000.0,-350451000.0,-40465000.0,320592000.0,-24775000.0,-84361000.0,295817000,-293680000,4280000.0,-289400000,-256527000,-256527000,WES,2020-03-31
USD,2020,2,2020-08-10,2020-08-10,443973000.0,443973000.0,671755000.0,-18602000.0,653153000.0,-320809000.0,-36423000.0,332344000.0,-34361000.0,-90429000.0,297983000,286385000,-5044000.0,281341000,273037000,273037000,WES,2020-06-30
