Currency,Fiscal Year,Fiscal Period,Publish Date,Restated Date,Shares (Basic),Shares (Diluted),Revenue,Cost of Revenue,Gross Profit,Operating Expenses,"Selling, General & Administrative",Operating Income (Loss),Non-Operating Income (Loss),"Interest Expense, Net","Pretax Income (Loss), Adj.",Pretax Income (Loss),"Income Tax (Expense) Benefit, Net",Income (Loss) from Continuing Operations,Net Income,Net Income (Common),Ticker,Report_Date
USD,2019,1,2019-05-01,2019-05-01,147774000.0,147774000.0,145491000.0,-37203000.0,108288000.0,-102397000.0,-67149000.0,5891000.0,-15943000.0,-15932000.0,-10052000,-10052000,1729000.0,-8323000,-8323000,-8323000,INOV,2019-03-31
USD,2019,2,2019-07-31,2019-07-31,148136000.0,148478000.0,156977000.0,-41118000.0,115859000.0,-95318000.0,-60000000.0,20541000.0,-15985000.0,-15985000.0,4556000,4556000,-18000.0,4538000,4538000,4403000,INOV,2019-06-30
USD,2019,3,2019-10-30,2019-10-30,148456000.0,148797000.0,166453000.0,-42940000.0,123513000.0,-101441000.0,-65478000.0,22072000.0,-16088000.0,-16081000.0,5984000,5984000,858000.0,6842000,6842000,6621000,INOV,2019-09-30
USD,2019,4,2020-02-19,2020-02-19,148850000.0,149483000.0,173489000.0,-46553000.0,126936000.0,-105953000.0,-70546000.0,20983000.0,-15593000.0,-15591000.0,5390000,5390000,-672000.0,4718000,4718000,4837000,INOV,2019-12-31
USD,2020,1,2020-04-29,2021-04-28,149183000.0,149183000.0,154187000.0,-41043000.0,113144000.0,-104080000.0,-69042000.0,9064000.0,-14292000.0,-14270000.0,-5228000,-5228000,3545000.0,-1683000,-1683000,-1683000,INOV,2020-03-31
USD,2020,2,2020-07-29,2020-07-29,149517000.0,149685000.0,162215000.0,-36761000.0,125454000.0,-109769000.0,-70302000.0,15685000.0,-14312000.0,-14164000.0,1373000,1373000,652000.0,2025000,2025000,1964000,INOV,2020-06-30
