Currency,Fiscal Year,Fiscal Period,Publish Date,Restated Date,Shares (Basic),Shares (Diluted),Revenue,Cost of Revenue,Gross Profit,Operating Expenses,"Selling, General & Administrative",Operating Income (Loss),Non-Operating Income (Loss),"Interest Expense, Net","Pretax Income (Loss), Adj.",Pretax Income (Loss),"Income Tax (Expense) Benefit, Net",Income (Loss) from Continuing Operations,Net Income,Net Income (Common),Ticker,Report_Date
USD,2018,4,2019-04-30,2019-04-30,35541430.0,35541430.0,51642842.0,-28274705.0,23368137.0,-21478219.0,-21478219.0,1889918.0,-112392.0,-34694.0,1777526,1777526,-19904.0,1757622,1757622,1757622,FRPT,2018-12-31
USD,2019,1,2019-05-07,2019-05-07,35668323.0,35668323.0,54792202.0,-28877221.0,25914981.0,-29232250.0,-29232250.0,-3317269.0,-85481.0,-102776.0,-3402750,-3402750,-19250.0,-3422000,-3422000,-3422000,FRPT,2019-03-31
USD,2019,2,2019-08-06,2019-08-06,35930350.0,35930350.0,60052179.0,-32725598.0,27326581.0,-32672284.0,-32672284.0,-5345703.0,-296397.0,-275649.0,-5642100,-5642100,-19250.0,-5661350,-5661350,-5661350,FRPT,2019-06-30
USD,2019,3,2019-11-05,2019-11-05,36079935.0,37289478.0,65265901.0,-34560261.0,30705640.0,-27171138.0,-27171138.0,3534502.0,-448089.0,-310465.0,3086413,3086413,-19250.0,3067163,3067163,3067163,FRPT,2019-09-30
USD,2019,4,2020-04-29,2020-04-29,36121860.0,34912317.0,65751718.0,-35501920.0,30249798.0,-25374328.0,-25374328.0,4875470.0,-156033.0,-302110.0,4719437,4719437,-86250.0,4633187,4633187,4633187,FRPT,2019-12-31
USD,2020,1,2020-05-05,2021-05-04,37443758.0,37443758.0,70098000.0,-38308000.0,31790000.0,-34676000.0,-34676000.0,-2886000.0,-682000.0,-704000.0,-3568000,-3568000,-22000.0,-3590000,-3590000,-3590000,FRPT,2020-03-31
USD,2020,2,2020-08-04,2020-08-04,40338982.0,41509819.0,79980060.0,-46046979.0,33933081.0,-33702103.0,-33702103.0,230978.0,-56283.0,-79869.0,174695,174695,-21600.0,153095,153095,153095,FRPT,2020-06-30
