Currency,Fiscal Year,Fiscal Period,Publish Date,Restated Date,Shares (Basic),Shares (Diluted),Revenue,Cost of Revenue,Gross Profit,Operating Expenses,"Selling, General & Administrative",Operating Income (Loss),Non-Operating Income (Loss),"Interest Expense, Net","Pretax Income (Loss), Adj.",Pretax Income (Loss),"Income Tax (Expense) Benefit, Net",Income (Loss) from Continuing Operations,Net Income,Net Income (Common),Ticker,Report_Date
USD,2019,2,2019-07-29,2019-07-29,21709000.0,21709000.0,38190000.0,-19774000.0,18416000.0,-22416000.0,-13643000.0,-4000000.0,-112000.0,-421000.0,-4112000,-4112000,-46000.0,-4158000,-4158000,-4158000,PI,2019-06-30
USD,2019,3,2019-11-04,2019-11-04,21961000.0,21961000.0,40762000.0,-20981000.0,19781000.0,-23689000.0,-13345000.0,-3908000.0,-96000.0,-413000.0,-4004000,-4004000,-77000.0,-4081000,-4081000,-4081000,PI,2019-09-30
USD,2019,4,2020-03-02,2020-03-02,22174000.0,22174000.0,40821000.0,-20889000.0,19932000.0,-26753000.0,-15551000.0,-6821000.0,-236000.0,-531000.0,-7057000,-7633000,-47000.0,-7680000,-7680000,-7680000,PI,2019-12-31
USD,2020,1,2020-04-27,2021-04-28,22412000.0,22412000.0,47822000.0,-26428000.0,21394000.0,-24789000.0,-13732000.0,-3395000.0,-903000.0,-1312000.0,-4298000,-4298000,-28000.0,-4326000,-4326000,-4326000,PI,2020-03-31
USD,2020,2,2020-07-29,2020-07-30,22716000.0,22716000.0,26457000.0,-13497000.0,12960000.0,-29230000.0,-18569000.0,-16270000.0,-1223000.0,-1349000.0,-17493000,-17493000,-41000.0,-17534000,-17534000,-17534000,PI,2020-06-30
