Currency,Fiscal Year,Fiscal Period,Publish Date,Restated Date,Shares (Basic),Shares (Diluted),Revenue,Cost of Revenue,Gross Profit,Operating Expenses,"Selling, General & Administrative",Operating Income (Loss),Non-Operating Income (Loss),"Interest Expense, Net","Pretax Income (Loss), Adj.",Pretax Income (Loss),"Income Tax (Expense) Benefit, Net",Income (Loss) from Continuing Operations,Net Income,Net Income (Common),Ticker,Report_Date
USD,2016,3,2016-11-10,2016-11-10,45869000.0,47285000.0,42113000.0,-13656000.0,28457000.0,-22200000.0,-18024000.0,6257000.0,-1876000.0,-1876000.0,4381000,4001000,-173000.0,3828000,3828000,3828000,ABCD,2016-09-30
USD,2016,4,2017-03-14,2017-03-14,46072000.0,48728000.0,37487000.0,-11744000.0,25743000.0,-20274000.0,-16015000.0,5469000.0,-1592000.0,-1592000.0,3877000,3027000,-87000.0,2940000,2940000,2940000,ABCD,2016-12-31
USD,2017,1,2017-05-04,2018-05-14,46203000.0,47439000.0,35970000.0,-10275000.0,25695000.0,-21572000.0,-17793000.0,4123000.0,-1335000.0,-1227000.0,2788000,2670000,-140000.0,2530000,2530000,2530000,ABCD,2017-03-31
USD,2017,2,2017-08-10,2018-08-13,46283000.0,47476000.0,40362000.0,-11543000.0,28819000.0,-21053000.0,-17090000.0,7766000.0,-1445000.0,-1336000.0,6321000,6126000,-334000.0,5792000,5792000,5792000,ABCD,2017-06-30
USD,2017,3,2017-11-14,2018-11-01,46460000.0,47629000.0,43523000.0,-12604000.0,30919000.0,-22250000.0,-18228000.0,8669000.0,-1379000.0,-1271000.0,7290000,6876000,-399000.0,6477000,6477000,6477000,ABCD,2017-09-30
USD,2017,4,2018-03-07,2018-11-01,46718000.0,47832000.0,38329000.0,-11112000.0,27217000.0,-21663000.0,-16979000.0,5554000.0,-686000.0,-1011000.0,4868000,85000,30171000.0,30256000,30256000,30256000,ABCD,2017-12-31
USD,2018,1,2018-05-14,2018-05-14,46898000.0,48067000.0,36607000.0,-9967000.0,26640000.0,-22527000.0,-18084000.0,4113000.0,-933000.0,-830000.0,3180000,3059000,-452000.0,2607000,2607000,2607000,ABCD,2018-03-31
USD,2018,2,2018-08-13,2018-08-13,47172000.0,48385000.0,40996000.0,-11081000.0,29915000.0,-23463000.0,-18852000.0,6452000.0,-809000.0,-927000.0,5643000,5457000,-1022000.0,4435000,4435000,4435000,ABCD,2018-06-30
USD,2018,3,2018-11-01,2018-11-01,47273000.0,48503000.0,44734000.0,-12001000.0,32733000.0,-23025000.0,-18245000.0,9708000.0,-1000000.0,-897000.0,8708000,8385000,-2508000.0,5877000,5877000,5877000,ABCD,2018-09-30
