Currency,Fiscal Year,Fiscal Period,Publish Date,Restated Date,Shares (Basic),Shares (Diluted),Revenue,Cost of Revenue,Gross Profit,Operating Expenses,"Selling, General & Administrative",Operating Income (Loss),Non-Operating Income (Loss),"Interest Expense, Net","Pretax Income (Loss), Adj.",Pretax Income (Loss),"Income Tax (Expense) Benefit, Net",Income (Loss) from Continuing Operations,Net Income,Net Income (Common),Ticker,Report_Date
USD,2019,1,2019-03-05,2019-03-05,187000000.0,190000000.0,1006000000.0,-428000000.0,578000000.0,-457000000.0,-288000000.0,121000000.0,-1000000.0,-16000000.0,120000000,120000000,-6000000.0,114000000,114000000,114000000,KEYS,2019-01-31
USD,2019,2,2019-05-30,2019-05-30,188000000.0,191000000.0,1090000000.0,-442000000.0,648000000.0,-463000000.0,-300000000.0,185000000.0,8000000.0,-14000000.0,193000000,193000000,-40000000.0,153000000,153000000,153000000,KEYS,2019-04-30
USD,2019,3,2019-08-30,2019-08-30,188000000.0,191000000.0,1087000000.0,-444000000.0,643000000.0,-446000000.0,-281000000.0,197000000.0,2000000.0,-13000000.0,199000000,199000000,-40000000.0,159000000,159000000,159000000,KEYS,2019-07-31
USD,2019,4,2019-12-18,2019-12-18,189000000.0,192000000.0,1120000000.0,-455000000.0,665000000.0,-457000000.0,-286000000.0,208000000.0,-5000000.0,-14000000.0,203000000,203000000,-8000000.0,195000000,195000000,195000000,KEYS,2019-10-31
USD,2020,1,2020-03-05,2021-03-03,188000000.0,191000000.0,1095000000.0,-440000000.0,655000000.0,-452000000.0,-300000000.0,203000000.0,-1000000.0,-13000000.0,202000000,202000000,-39000000.0,163000000,163000000,163000000,KEYS,2020-01-31
USD,2020,2,2020-06-02,2021-05-28,187000000.0,189000000.0,895000000.0,-379000000.0,516000000.0,-414000000.0,-251000000.0,102000000.0,6000000.0,-16000000.0,108000000,108000000,-37000000.0,71000000,71000000,71000000,KEYS,2020-04-30
