Currency,Fiscal Year,Fiscal Period,Publish Date,Restated Date,Shares (Basic),Shares (Diluted),Revenue,Cost of Revenue,Gross Profit,Operating Expenses,"Selling, General & Administrative",Operating Income (Loss),Non-Operating Income (Loss),"Interest Expense, Net","Pretax Income (Loss), Adj.",Pretax Income (Loss),"Income Tax (Expense) Benefit, Net",Income (Loss) from Continuing Operations,Net Income,Net Income (Common),Ticker,Report_Date
USD,2019,1,2019-05-03,2019-05-03,30203243.0,30444276.0,533057000.0,-441200000.0,91857000.0,-68936000.0,-68936000.0,22921000.0,76000.0,65166.666666666664,22997000,22997000,-5880000.0,17117000,17117000,17117000,CCS,2019-03-31
USD,2019,2,2019-07-31,2019-07-31,30341628.0,30568848.0,619950000.0,-512552000.0,107398000.0,-75217000.0,-75217000.0,32181000.0,-519000.0,65166.666666666664,31662000,20830000,-5335000.0,15495000,15495000,15495000,CCS,2019-06-30
USD,2019,3,2019-10-30,2019-10-30,30587487.0,30906235.0,590362000.0,-482632000.0,107730000.0,-72834000.0,-72834000.0,34896000.0,-56000.0,65166.666666666664,34840000,34840000,-7816000.0,27024000,27024000,27024000,CCS,2019-09-30
USD,2019,4,2020-02-07,2020-02-07,32413170.0,32828449.0,792542000.0,-644562000.0,147980000.0,-84538000.0,-84538000.0,63442000.0,-4691000.0,65166.666666666664,58751000,53968000,-610000.0,53358000,53358000,53358000,CCS,2019-12-31
USD,2020,1,2020-04-30,2021-04-29,33207928.0,33476444.0,602609000.0,-494279000.0,108330000.0,-73619000.0,-73619000.0,34711000.0,158000.0,65166.666666666664,34869000,34088000,-7962000.0,26126000,26126000,26126000,CCS,2020-03-31
USD,2020,2,2020-07-29,2020-07-29,33340184.0,33461694.0,776444000.0,-635783000.0,140661000.0,-86706000.0,-86706000.0,53955000.0,-2942000.0,65166.666666666664,51013000,50103000,-11653000.0,38450000,38450000,38450000,CCS,2020-06-30
