Currency,Fiscal Year,Fiscal Period,Publish Date,Restated Date,Shares (Basic),Shares (Diluted),Revenue,Cost of Revenue,Gross Profit,Operating Expenses,"Selling, General & Administrative",Operating Income (Loss),Non-Operating Income (Loss),"Interest Expense, Net","Pretax Income (Loss), Adj.",Pretax Income (Loss),"Income Tax (Expense) Benefit, Net",Income (Loss) from Continuing Operations,Net Income,Net Income (Common),Ticker,Report_Date
USD,2017,4,2017-09-28,2017-09-28,11774000.0,11706000.0,8279000.0,-3814000.0,4465000.0,-2877000.0,-1882000.0,1588000.0,-119000.0,-119000.0,1469000,1469000,968000.0,2437000,2437000,2437000,MAMS,2017-06-30
USD,2018,1,2017-11-14,2017-11-14,11816000.0,11871000.0,8638000.0,-3807000.0,4831000.0,-3304000.0,-2243000.0,1527000.0,-104000.0,-104000.0,1423000,1423000,-309000.0,1114000,1114000,1114000,MAMS,2017-09-30
USD,2018,2,2018-02-08,2018-02-08,11825000.0,11825000.0,8500000.0,-3999000.0,4501000.0,-3678000.0,-2428000.0,823000.0,-109000.0,-109000.0,714000,714000,-793000.0,-79000,-79000,-79000,MAMS,2017-12-31
USD,2018,3,2018-05-10,2018-05-10,11835000.0,12166000.0,9109000.0,-4135000.0,4974000.0,-3751000.0,-2417000.0,1223000.0,-95000.0,-95000.0,1128000,1128000,89000.0,1217000,1217000,1217000,MAMS,2018-03-31
USD,2018,4,2018-09-14,2018-09-14,11920000.0,11762000.0,9530000.0,-4147000.0,5383000.0,-4062000.0,-2736000.0,1321000.0,-103000.0,-103000.0,1218000,1218000,-260000.0,958000,958000,958000,MAMS,2018-06-30
USD,2019,1,2018-11-13,2018-11-13,12145000.0,12202000.0,9300000.0,-4065000.0,5235000.0,-3630000.0,-2358000.0,1605000.0,-91000.0,-91000.0,1514000,1514000,-303000.0,1211000,1211000,1211000,MAMS,2018-09-30
USD,2019,2,2019-02-11,2019-02-11,12156000.0,12199000.0,8956000.0,-4066000.0,4890000.0,-3984000.0,-2499000.0,906000.0,-92000.0,-92000.0,814000,814000,-110000.0,704000,704000,704000,MAMS,2018-12-31
USD,2019,3,2019-05-09,2019-05-09,12135000.0,12178000.0,9478000.0,-4444000.0,5034000.0,-3843000.0,-2137000.0,1191000.0,-81000.0,-81000.0,1110000,1110000,-220000.0,890000,890000,890000,MAMS,2019-03-31
USD,2019,4,2019-09-30,2019-09-30,12164000.0,12253000.0,9980000.0,-4168000.0,5812000.0,-4573000.0,-2999000.0,1239000.0,-102000.0,-102000.0,1137000,1137000,-229000.0,908000,908000,908000,MAMS,2019-06-30
