Currency,Fiscal Year,Fiscal Period,Publish Date,Restated Date,Shares (Basic),Shares (Diluted),Revenue,Cost of Revenue,Gross Profit,Operating Expenses,"Selling, General & Administrative",Operating Income (Loss),Non-Operating Income (Loss),"Interest Expense, Net","Pretax Income (Loss), Adj.",Pretax Income (Loss),"Income Tax (Expense) Benefit, Net",Income (Loss) from Continuing Operations,Net Income,Net Income (Common),Ticker,Report_Date
USD,2017,1,2017-05-10,2018-05-09,32197000.0,32197000.0,26686000.0,-20578000.0,6108000.0,-14298000.0,-9592000.0,-8190000.0,-159000.0,-63000.0,-8349000,-9191000,-1208000.0,-10399000,-10399000,-10399000,MXWL,2017-03-31
USD,2017,2,2017-08-08,2018-08-07,35526000.0,35526000.0,37103000.0,-29350000.0,7753000.0,-16569000.0,-12120000.0,-8816000.0,-63000.0,-97000.0,-8879000,-8736000,-1382000.0,-10118000,-10118000,-10118000,MXWL,2017-06-30
USD,2017,3,2017-11-09,2018-11-07,37008000.0,37008000.0,35816000.0,-28492000.0,7324000.0,-19474000.0,-14565000.0,-12150000.0,-73000.0,-152000.0,-12223000,-13333000,-527000.0,-13860000,-13860000,-13860000,MXWL,2017-09-30
USD,2017,4,2018-02-16,2018-02-16,37189000.0,37189000.0,30763000.0,-23153000.0,7610000.0,-13828000.0,-9541000.0,-6218000.0,-1281000.0,-1043000.0,-7499000,-8212000,-540000.0,-8752000,-8752000,-8752000,MXWL,2017-12-31
USD,2018,1,2018-05-09,2018-05-09,37522000.0,37522000.0,28416000.0,-22735000.0,5681000.0,-15104000.0,-9572000.0,-9423000.0,-1082000.0,-993000.0,-10505000,-10227000,1022000.0,-9205000,-9205000,-9205000,MXWL,2018-03-31
USD,2018,2,2018-08-07,2018-08-07,38068000.0,38068000.0,29464000.0,-24036000.0,5428000.0,-15336000.0,-9787000.0,-9908000.0,-1227000.0,-1030000.0,-11135000,-11002000,-300000.0,-11302000,-11302000,-11302000,MXWL,2018-06-30
USD,2018,3,2018-11-07,2018-11-07,42497000.0,42497000.0,33727000.0,-27357000.0,6370000.0,-14651000.0,-9052000.0,-8281000.0,-1342000.0,-1252000.0,-9623000,-9359000,-364000.0,-9723000,-9723000,-9723000,MXWL,2018-09-30
USD,2018,4,2019-02-14,2019-02-14,46037000.0,46037000.0,-1148000.0,-6331000.0,-7479000.0,-5434000.0,-2131000.0,-12913000.0,-1060000.0,-1185000.0,-13973000,-14950000,738000.0,-14212000,-6318000,-6318000,MXWL,2018-12-31
USD,2019,1,2019-05-01,2019-05-01,46220000.0,46220000.0,15438000.0,-16966000.0,-1528000.0,-14865000.0,-9700000.0,-16393000.0,-1187000.0,-1140000.0,-17580000,-17606000,-14000.0,-17620000,-17620000,-17620000,MXWL,2019-03-31
