Currency,Fiscal Year,Fiscal Period,Publish Date,Restated Date,Shares (Basic),Shares (Diluted),Revenue,Cost of Revenue,Gross Profit,Operating Expenses,"Selling, General & Administrative",Operating Income (Loss),Non-Operating Income (Loss),"Interest Expense, Net","Pretax Income (Loss), Adj.",Pretax Income (Loss),"Income Tax (Expense) Benefit, Net",Income (Loss) from Continuing Operations,Net Income,Net Income (Common),Ticker,Report_Date
USD,2018,2,2018-08-02,2019-08-02,38987000.0,42215000.0,68153000.0,-16248000.0,51905000.0,-41010000.0,-27882000.0,10895000.0,884000.0,1413000.0,11779000,11779000,-1486000.0,10293000,10293000,10293000,QLYS,2018-06-30
USD,2018,3,2018-11-05,2019-10-31,39170000.0,42197000.0,71658000.0,-16511000.0,55147000.0,-37030000.0,-24529000.0,18117000.0,1116000.0,1616000.0,19233000,19233000,4236000.0,23469000,23469000,23469000,QLYS,2018-09-30
USD,2018,4,2019-02-27,2021-02-22,38558000.0,41242000.0,74200000.0,-17525000.0,56675000.0,-43732000.0,-28659000.0,12943000.0,1862000.0,1827000.0,14805000,14805000,-405000.0,14400000,14400000,14400000,QLYS,2018-12-31
USD,2019,1,2019-05-03,2020-05-07,39109000.0,41546000.0,75343000.0,-17709000.0,57634000.0,-43583000.0,-27746000.0,14051000.0,1786000.0,2009000.0,15837000,15837000,-2571000.0,13266000,13266000,13266000,QLYS,2019-03-31
USD,2019,2,2019-08-02,2020-08-10,39198000.0,41530000.0,78929000.0,-17537000.0,61392000.0,-45284000.0,-27589000.0,16108000.0,2401000.0,2170000.0,18509000,18509000,-2277000.0,16232000,16232000,16232000,QLYS,2019-06-30
USD,2019,3,2019-10-31,2020-11-04,39014000.0,41162000.0,82671000.0,-17108000.0,65563000.0,-43014000.0,-26115000.0,22549000.0,1786000.0,2114000.0,24335000,24335000,-5161000.0,19174000,19174000,19174000,QLYS,2019-09-30
USD,2019,4,2020-02-21,2021-02-22,38979000.0,41142000.0,84664000.0,-17163000.0,67501000.0,-47956000.0,-30148000.0,19545000.0,1757000.0,2044000.0,21302000,21302000,-638000.0,20664000,20664000,20664000,QLYS,2019-12-31
USD,2020,1,2020-05-07,2021-05-05,39112000.0,40846000.0,86263000.0,-18495000.0,67768000.0,-47337000.0,-29354000.0,20431000.0,1786000.0,1921000.0,22217000,22217000,-3523000.0,18694000,18694000,18694000,QLYS,2020-03-31
USD,2020,2,2020-08-10,2020-08-10,39161000.0,40919000.0,88830000.0,-18891000.0,69939000.0,-44431000.0,-26373000.0,25508000.0,1586000.0,1392000.0,27094000,27094000,-775000.0,26319000,26319000,26319000,QLYS,2020-06-30
