Currency,Fiscal Year,Fiscal Period,Publish Date,Restated Date,Shares (Basic),Shares (Diluted),Revenue,Cost of Revenue,Gross Profit,Operating Expenses,"Selling, General & Administrative",Operating Income (Loss),Non-Operating Income (Loss),"Interest Expense, Net","Pretax Income (Loss), Adj.",Pretax Income (Loss),"Income Tax (Expense) Benefit, Net",Income (Loss) from Continuing Operations,Net Income,Net Income (Common),Ticker,Report_Date
USD,2019,1,2019-04-30,2019-04-30,70919496.0,70919496.0,128573000.0,-44677000.0,83896000.0,-105771000.0,-78598000.0,-21875000.0,-6521000.0,-6521000.0,-28396000,-29408000,-742000.0,-30150000,-30150000,-30150000,TDOC,2019-03-31
USD,2019,2,2019-07-31,2019-07-31,71721246.0,71721246.0,130276000.0,-41634000.0,88642000.0,-109529000.0,-80997000.0,-20887000.0,-7211000.0,-7211000.0,-28098000,-29234000,-90000.0,-29324000,-29324000,-29324000,TDOC,2019-06-30
USD,2019,3,2019-10-30,2019-10-30,72151094.0,72151094.0,137969000.0,-42799000.0,95170000.0,-113119000.0,-86122000.0,-17949000.0,-7700000.0,-7700000.0,-25649000,-27644000,7298000.0,-20346000,-20346000,-20346000,TDOC,2019-09-30
USD,2019,4,2020-02-26,2020-02-26,72586304.0,72586304.0,156489000.0,-55355000.0,101134000.0,-114245000.0,-86589000.0,-13111000.0,-7581000.0,-7581000.0,-20692000,-23169000,4125000.0,-19044000,-19044000,-19044000,TDOC,2019-12-31
USD,2020,1,2020-04-29,2021-05-03,73278857.0,73278857.0,180799000.0,-72382000.0,108417000.0,-125764000.0,-96797000.0,-17347000.0,-9303000.0,-8618000.0,-26650000,-30314000,711000.0,-29603000,-29603000,-29603000,TDOC,2020-03-31
USD,2020,2,2020-07-29,2020-07-30,76512870.0,76512870.0,241030000.0,-90780000.0,150250000.0,-155802000.0,-120648000.0,-5552000.0,-13151000.0,-13151000.0,-18703000,-28081000,2399000.0,-25682000,-25682000,-25682000,TDOC,2020-06-30
