Currency,Fiscal Year,Fiscal Period,Publish Date,Restated Date,Shares (Basic),Shares (Diluted),Revenue,Cost of Revenue,Gross Profit,Operating Expenses,"Selling, General & Administrative",Operating Income (Loss),Non-Operating Income (Loss),"Interest Expense, Net","Pretax Income (Loss), Adj.",Pretax Income (Loss),"Income Tax (Expense) Benefit, Net",Income (Loss) from Continuing Operations,Net Income,Net Income (Common),Ticker,Report_Date
USD,2019,1,2019-05-01,2019-05-01,300542000.0,314644000.0,215487000.0,-7501000.0,207986000.0,-123427000.0,-60138000.0,84559000.0,6112000.0,-1755904.761904762,90671000,90671000,-14896000.0,75775000,75775000,75775000,EXEL,2019-03-31
USD,2019,2,2019-07-31,2019-07-31,302188000.0,314911000.0,240275000.0,-7539000.0,232736000.0,-140747000.0,-58815000.0,91989000.0,7778000.0,-1755904.761904762,99767000,99767000,-20725000.0,79042000,79042000,79042000,EXEL,2019-06-30
USD,2019,3,2019-10-30,2019-10-30,303268000.0,315453000.0,271703000.0,-7537000.0,264166000.0,-148560000.0,-51265000.0,115606000.0,7051000.0,7191000.0,122657000,122657000,-25205000.0,97452000,97452000,97452000,EXEL,2019-09-30
USD,2019,4,2020-02-25,2020-02-25,304338000.0,315028000.0,240310000.0,-10520000.0,229790000.0,-152474000.0,-58026000.0,77316000.0,7698000.0,20768000.0,85014000,85014000,-16271000.0,68743000,68743000,68743000,EXEL,2019-12-31
USD,2020,1,2020-05-05,2021-05-06,305388000.0,315839000.0,226915000.0,-9289000.0,217626000.0,-164817000.0,-62940000.0,52809000.0,7226000.0,7220000.0,60035000,60035000,-11423000.0,48612000,48612000,48612000,EXEL,2020-03-31
USD,2020,2,2020-08-06,2020-08-06,307807000.0,318144000.0,259479000.0,-9221000.0,250258000.0,-174724000.0,-59791000.0,75534000.0,5162000.0,5162000.0,80696000,80696000,-13875000.0,66821000,66821000,66821000,EXEL,2020-06-30
