Currency,Fiscal Year,Fiscal Period,Publish Date,Restated Date,Shares (Basic),Shares (Diluted),Revenue,Cost of Revenue,Gross Profit,Operating Expenses,"Selling, General & Administrative",Operating Income (Loss),Non-Operating Income (Loss),"Interest Expense, Net","Pretax Income (Loss), Adj.",Pretax Income (Loss),"Income Tax (Expense) Benefit, Net",Income (Loss) from Continuing Operations,Net Income,Net Income (Common),Ticker,Report_Date
USD,2016,4,2016-11-04,2016-11-04,2919500.0,2924849.0,8110260.0,-7672235.0,438025.0,-803091.0,-803091.0,-365066.0,-70679.0,-70679.0,-435745,-435745,392412.0,-43333,-43333,-43333,WSCI,2016-08-31
USD,2017,1,2017-01-11,2017-01-11,2919500.0,2919500.0,6329941.0,-6022057.0,307884.0,-761178.0,-761178.0,-453294.0,-65580.0,-65580.0,-518874,-518874,196511.0,-322363,-322363,-322363,WSCI,2016-11-30
USD,2017,2,2017-03-24,2017-03-24,2919500.0,2919500.0,6313586.0,-6107015.0,206571.0,-720966.0,-720966.0,-514395.0,-65290.0,-65290.0,-579685,-579685,217492.0,-362193,-362193,-362193,WSCI,2017-02-28
USD,2017,3,2017-06-28,2017-06-28,2923483.0,2923483.0,9593941.0,-8563262.0,1030679.0,-1202533.0,-1202533.0,-171854.0,-65640.0,-65640.0,-237494,-384996,165323.0,-219673,-219673,-219673,WSCI,2017-05-31
USD,2017,4,2017-11-03,2017-11-03,2959837.0,2959837.0,8403614.0,-7502834.0,900780.0,-661125.0,-661125.0,239655.0,-60429.0,-60429.0,179226,179226,-89294.0,89932,89932,89932,WSCI,2017-08-31
USD,2018,1,2017-12-22,2017-12-22,2936227.0,2938888.0,7528800.0,-6629932.0,898868.0,-691113.0,-691113.0,207755.0,-69251.0,-69251.0,138504,138504,-52783.0,85721,85721,85721,WSCI,2017-11-30
USD,2018,2,2018-03-21,2018-03-21,2963305.0,2987969.0,8553926.0,-7675046.0,878880.0,-962008.0,-962008.0,-83128.0,-50930.0,-50930.0,-134058,-134058,663297.0,529239,529239,529239,WSCI,2018-02-28
USD,2018,3,2018-06-14,2018-06-14,2969610.0,3001058.0,9790735.0,-8340645.0,1450090.0,-833732.0,-833732.0,616358.0,-71962.0,-71962.0,544396,544396,-78257.0,466139,466139,466139,WSCI,2018-05-31
