Currency,Fiscal Year,Fiscal Period,Publish Date,Restated Date,Shares (Basic),Shares (Diluted),Revenue,Cost of Revenue,Gross Profit,Operating Expenses,"Selling, General & Administrative",Operating Income (Loss),Non-Operating Income (Loss),"Interest Expense, Net","Pretax Income (Loss), Adj.",Pretax Income (Loss),"Income Tax (Expense) Benefit, Net",Income (Loss) from Continuing Operations,Net Income,Net Income (Common),Ticker,Report_Date
USD,2009,1,2009-05-07,2010-05-07,153721000.0,156169000.0,447709000.0,-113056000.0,334653000.0,-277823000.0,-188924000.0,56830000.0,2811000.0,2811000.0,59641000,54037000,-581000.0,53456000,53456000,53456000,MFE,2009-03-31
USD,2009,2,2009-08-07,2010-08-06,155763000.0,158336000.0,468686000.0,-115222000.0,353464000.0,-293443000.0,-204075000.0,60021000.0,-857000.0,-857000.0,59164000,55079000,-26426000.0,28653000,28653000,28653000,MFE,2009-06-30
USD,2009,3,2009-11-06,2010-11-05,157186000.0,159925000.0,485271000.0,-126770000.0,358501000.0,-314282000.0,-221542000.0,44219000.0,1028000.0,1028000.0,45247000,43574000,-6785000.0,36789000,36789000,36789000,MFE,2009-09-30
USD,2009,4,2010-02-26,2011-02-28,157906000.0,161522000.0,525666000.0,-131339000.0,394327000.0,-319260000.0,-225181000.0,75067000.0,-780000.0,-780000.0,74287000,71533000,-17011000.0,54522000,54522000,54522000,MFE,2009-12-31
USD,2010,1,2010-05-07,2010-05-07,157738000.0,160567000.0,502745000.0,-132575000.0,370170000.0,-302862000.0,-211096000.0,67308000.0,570000.0,570000.0,67878000,52083000,-14507000.0,37576000,37576000,37576000,MFE,2010-03-31
USD,2010,2,2010-08-06,2010-08-06,154456000.0,156151000.0,489239000.0,-130801000.0,358438000.0,-294221000.0,-204315000.0,64217000.0,-56000.0,-56000.0,64161000,55212000,-15808000.0,39404000,39404000,39404000,MFE,2010-06-30
USD,2010,3,2010-11-05,2010-11-05,152788000.0,154988000.0,523259000.0,-142083000.0,381176000.0,-315728000.0,-221330000.0,65448000.0,-872000.0,-872000.0,64576000,63241000,-16681000.0,46560000,46560000,46560000,MFE,2010-09-30
USD,2010,4,2011-02-28,2011-02-28,154762000.0,157834000.0,549564000.0,-152089000.0,397475000.0,-323343000.0,-223587000.0,74132000.0,426000.0,426000.0,74558000,59104000,1468000.0,60572000,60572000,60572000,MFE,2010-12-31
