Currency,Fiscal Year,Fiscal Period,Publish Date,Restated Date,Shares (Basic),Shares (Diluted),Revenue,Cost of Revenue,Gross Profit,Operating Expenses,"Selling, General & Administrative",Operating Income (Loss),Non-Operating Income (Loss),"Interest Expense, Net","Pretax Income (Loss), Adj.",Pretax Income (Loss),"Income Tax (Expense) Benefit, Net",Income (Loss) from Continuing Operations,Net Income,Net Income (Common),Ticker,Report_Date
USD,2015,1,2015-05-01,2016-04-26,130513000.0,130513000.0,134153000.0,-53827000.0,80326000.0,-63031000.0,-25453000.0,17295000.0,-257000.0,-257000.0,17038000,-63289000,-5535000.0,-68824000,-68824000,-68824000,ISIL,2015-03-31
USD,2015,2,2015-07-31,2016-07-28,131916000.0,132823000.0,132441000.0,-53948000.0,78493000.0,-62318000.0,-25194000.0,16175000.0,-503000.0,-503000.0,15672000,15601000,22123000.0,37724000,37724000,37724000,ISIL,2015-06-30
USD,2015,3,2015-10-30,2016-10-25,132133000.0,132445000.0,128396000.0,-52338000.0,76058000.0,-58561000.0,-23532000.0,17497000.0,-75000.0,-75000.0,17422000,17282000,-298000.0,16984000,16984000,16984000,ISIL,2015-09-30
USD,2015,4,2016-02-12,2017-02-17,132610000.0,137311000.0,126626000.0,-53707000.0,72919000.0,-57028000.0,-22784000.0,15891000.0,-580000.0,-580000.0,15311000,15634000,5668000.0,21302000,21302000,21302000,ISIL,2015-12-31
USD,2016,1,2016-04-26,2016-04-26,132857000.0,135267000.0,129279000.0,-53319000.0,75960000.0,-60755000.0,-23549000.0,15205000.0,-482000.0,-482000.0,14723000,14724000,-2973000.0,11751000,11751000,11751000,ISIL,2016-03-31
USD,2016,2,2016-07-28,2016-07-28,135086000.0,137332000.0,134009000.0,-54421000.0,79588000.0,-62326000.0,-25248000.0,17262000.0,-537000.0,-537000.0,16725000,2173000,-784000.0,1389000,1389000,1389000,ISIL,2016-06-30
USD,2016,3,2016-10-25,2016-10-25,135908000.0,138760000.0,139045000.0,-54825000.0,84220000.0,-56766000.0,-22782000.0,27454000.0,-340000.0,-340000.0,27114000,22915000,-7032000.0,15883000,15883000,15883000,ISIL,2016-09-30
USD,2016,4,2017-02-17,2017-02-17,137273000.0,140097000.0,139806000.0,-56387000.0,83419000.0,-58534000.0,-24222000.0,24885000.0,17000.0,17000.0,24902000,22985000,-3871000.0,19114000,19114000,19114000,ISIL,2016-12-31
