Currency,Fiscal Year,Fiscal Period,Publish Date,Restated Date,Shares (Basic),Shares (Diluted),Revenue,Cost of Revenue,Gross Profit,Operating Expenses,"Selling, General & Administrative",Operating Income (Loss),Non-Operating Income (Loss),"Interest Expense, Net","Pretax Income (Loss), Adj.",Pretax Income (Loss),"Income Tax (Expense) Benefit, Net",Income (Loss) from Continuing Operations,Net Income,Net Income (Common),Ticker,Report_Date
USD,2018,4,2018-11-06,2018-11-06,83500000.0,81700000.0,1371300000.0,-807700000.0,563600000.0,-450600000.0,-313400000.0,113000000.0,-83600001.0,-88500001.0,29399999,-3861900001,208100000.0,-3653800001,-3718400001,-3718400001,MNK,2018-09-30
USD,2019,1,2019-02-26,2019-05-07,83500000.0,84600000.0,790600000.0,-455500000.0,335100000.0,-315500000.0,-230200000.0,19600000.0,-64900000.0,-81200000.0,-45300000,-49500000,204700000.0,155200000,154900000,154900000,MNK,2018-12-31
USD,2019,2,2019-05-07,2019-08-06,83800000.0,83800000.0,823300000.0,-434400000.0,388900000.0,-305500000.0,-225900000.0,83400000.0,5100000.0,-69300000.0,88500000,-24800000,24300000.0,-500000,6800000,6800000,MNK,2019-03-31
USD,2019,3,2019-08-06,2020-11-03,84000000.0,84000000.0,743700000.0,-419400000.0,324300000.0,-308800000.0,-205700000.0,15500000.0,-36800000.0,-74700000.0,-21300000,-28500000,27600000.0,-900000,-1100000,-1100000,MNK,2019-06-30
USD,2019,4,2019-11-05,2020-11-03,84300000.0,83200000.0,804900000.0,-431800000.0,373100000.0,-250600000.0,-169200000.0,122500000.0,-139300000.0,-74300000.0,-16800000,-1488700000,327700000.0,-1161000000,-1157100000,-1157100000,MNK,2019-09-30
USD,2020,1,2020-02-26,2021-05-04,84200000.0,84200000.0,665800000.0,-382000000.0,283800000.0,-308500000.0,-231100000.0,-24700000.0,-69300000.0,-71000000.0,-94000000,-75600000,18900000.0,-56700000,-50200000,-50200000,MNK,2019-12-31
USD,2020,2,2020-05-06,2020-08-04,84500000.0,84500000.0,166500000.0,-386700000.0,-220200000.0,-314200000.0,-231300000.0,-534400000.0,-63800000.0,-63200000.0,-598200000,-789300000,-161300000.0,-950600000,-933100000,-933100000,MNK,2020-03-31
USD,2020,3,2020-08-04,2020-11-03,84300000.0,84300000.0,698300000.0,-403000000.0,295300000.0,-286300000.0,-220800000.0,9000000.0,-61300000.0,-61300000.0,-52300000,-19800000,211600000.0,191800000,191600000,191600000,MNK,2020-06-30
