Currency,Fiscal Year,Fiscal Period,Publish Date,Restated Date,Shares (Basic),Shares (Diluted),Revenue,Cost of Revenue,Gross Profit,Operating Expenses,"Selling, General & Administrative",Operating Income (Loss),Non-Operating Income (Loss),"Interest Expense, Net","Pretax Income (Loss), Adj.",Pretax Income (Loss),"Income Tax (Expense) Benefit, Net",Income (Loss) from Continuing Operations,Net Income,Net Income (Common),Ticker,Report_Date
USD,2018,2,2018-08-02,2018-08-02,54696698.0,54696698.0,350085.0,-69311.0,346934.5,-39168257.0,-6728987.0,-39168257.0,1793474.0,1793474.0,-37374783,-37374783,-1600.0,-37376383,-37376383,-37376383,ITCI,2018-06-30
USD,2018,3,2018-11-07,2018-11-07,54708065.0,54708065.0,350085.0,-69311.0,346934.5,-43391345.0,-7972329.0,-43391345.0,1868431.0,1868431.0,-41522914,-41522914,0.0,-41522914,-41522914,-41522914,ITCI,2018-09-30
USD,2018,4,2019-02-27,2019-02-27,54750522.0,54750522.0,350085.0,-69311.0,346934.5,-42622940.0,-9017311.0,-42622940.0,1874904.0,1874904.0,-40748036,-40748036,0.0,-40748036,-40748036,-40748036,ITCI,2018-12-31
USD,2019,1,2019-05-08,2019-05-08,55113226.0,55113226.0,350085.0,-69311.0,346934.5,-36695840.0,-11704984.0,-36695840.0,1860077.0,1860077.0,-34835763,-34835763,0.0,-34835763,-34835763,-34835763,ITCI,2019-03-31
USD,2019,2,2019-08-07,2019-08-07,55145901.0,55145901.0,350085.0,-69311.0,346934.5,-39171114.0,-15442650.0,-39171114.0,1731550.0,1731550.0,-37439564,-37439564,-1600.0,-37441164,-37441164,-37441164,ITCI,2019-06-30
USD,2019,3,2019-11-05,2019-11-05,55207400.0,55207400.0,350085.0,-69311.0,346934.5,-36376236.0,-15036444.0,-36376236.0,1513837.0,1513837.0,-34862399,-34862399,-2263.0,-34862399,-34862399,-34862399,ITCI,2019-09-30
USD,2019,4,2020-03-02,2020-03-02,55278297.0,55278297.0,60613.0,-69311.0,60613.0,-41829273.0,-22763547.0,-41768660.0,1185808.0,1185808.0,-40582852,-40582852,0.0,-40582852,-40582852,-40582852,ITCI,2019-12-31
USD,2020,1,2020-05-07,2021-05-10,65106103.0,65106103.0,1083479.0,-69311.0,1014168.0,-50099692.0,-34096366.0,-49085524.0,1678203.0,1678203.0,-47407321,-47407321,-3281.0,-47410602,-47410602,-47410602,ITCI,2020-03-31
USD,2020,2,2020-08-10,2020-08-10,66429371.0,66429371.0,1906636.0,-69311.0,1906636.0,-66778953.0,-41445557.0,-64872317.0,1160059.0,1160059.0,-63712258,-63712258,-2263.0,-63712258,-63712258,-63712258,ITCI,2020-06-30
