Currency,Fiscal Year,Fiscal Period,Publish Date,Restated Date,Shares (Basic),Shares (Diluted),Revenue,Cost of Revenue,Gross Profit,Operating Expenses,"Selling, General & Administrative",Operating Income (Loss),Non-Operating Income (Loss),"Interest Expense, Net","Pretax Income (Loss), Adj.",Pretax Income (Loss),"Income Tax (Expense) Benefit, Net",Income (Loss) from Continuing Operations,Net Income,Net Income (Common),Ticker,Report_Date
USD,2019,2,2019-07-31,2019-07-31,41844000.0,42202000.0,352800000.0,-218400000.0,134400000.0,-47500000.0,-42500000.0,86900000.0,-13100000.0,-13100000.0,73800000,72700000,-15900000.0,56800000,56800000,56800000,NGVT,2019-06-30
USD,2019,3,2019-10-30,2019-10-30,42299000.0,42643000.0,359900000.0,-220400000.0,139500000.0,-45600000.0,-40700000.0,93900000.0,-13500000.0,-12100000.0,80400000,77400000,-17500000.0,59900000,59900000,59900000,NGVT,2019-09-30
USD,2019,4,2020-02-26,2020-02-26,41366000.0,41718000.0,303400000.0,-192400000.0,111000000.0,-45500000.0,-40800000.0,65500000.0,-8600000.0,-10600000.0,56900000,55100000,-10800000.0,44300000,44300000,44300000,NGVT,2019-12-31
USD,2020,1,2020-04-30,2021-04-29,41692000.0,41962000.0,288200000.0,-173600000.0,114600000.0,-44700000.0,-38500000.0,69900000.0,-12900000.0,-10900000.0,57000000,55200000,-9900000.0,45300000,45300000,45300000,NGVT,2020-03-31
USD,2020,2,2020-07-30,2020-07-30,41233000.0,41370000.0,270600000.0,-186700000.0,83900000.0,-39900000.0,-34500000.0,44000000.0,-10900000.0,-10000000.0,33100000,25400000,-5200000.0,20200000,20200000,20200000,NGVT,2020-06-30
