Currency,Fiscal Year,Fiscal Period,Publish Date,Restated Date,Shares (Basic),Shares (Diluted),Revenue,Cost of Revenue,Gross Profit,Operating Expenses,"Selling, General & Administrative",Operating Income (Loss),Non-Operating Income (Loss),"Interest Expense, Net","Pretax Income (Loss), Adj.",Pretax Income (Loss),"Income Tax (Expense) Benefit, Net",Income (Loss) from Continuing Operations,Net Income,Net Income (Common),Ticker,Report_Date
USD,2018,2,2018-08-09,2018-08-09,248000000.0,248000000.0,265000000.0,0.0,265000000.0,-242000000.0,-28000000.0,23000000.0,-88000000.0,-88000000.0,-65000000,-58000000,0.0,-58000000,-58000000,-58000000,EPE,2018-06-30
USD,2018,3,2018-11-08,2018-11-08,248000000.0,248000000.0,294000000.0,-3000000.0,291000000.0,-243000000.0,-21000000.0,48000000.0,-93000000.0,-95000000.0,-45000000,-44000000,0.0,-44000000,-44000000,-44000000,EPE,2018-09-30
USD,2018,4,2019-04-30,2019-04-30,249000000.0,249000000.0,479000000.0,0.0,479000000.0,-227000000.0,-21000000.0,252000000.0,-95000000.0,-97000000.0,157000000,-919000000,0.0,-919000000,-919000000,-919000000,EPE,2018-12-31
USD,2019,1,2019-05-09,2019-05-09,249000000.0,249000000.0,134000000.0,-3391304.347826087,134000000.0,-189000000.0,-21000000.0,-55000000.0,-95000000.0,-95000000.0,-150000000,-140000000,0.0,-140000000,-140000000,-140000000,EPE,2019-03-31
USD,2019,2,2019-08-09,2019-08-09,250000000.0,250000000.0,256000000.0,-3391304.347826087,256000000.0,-211000000.0,-43000000.0,45000000.0,-95000000.0,-95000000.0,-50000000,-50000000,0.0,-50000000,-50000000,-50000000,EPE,2019-06-30
USD,2019,3,2019-11-12,2019-11-12,250000000.0,250000000.0,247000000.0,0.0,247000000.0,-224000000.0,-38000000.0,23000000.0,-185000000.0,-189000000.0,-162000000,-620000000,0.0,-620000000,-620000000,-620000000,EPE,2019-09-30
USD,2019,4,2020-03-25,2020-03-25,251000000.0,251000000.0,72000000.0,0.0,72000000.0,-211000000.0,-21000000.0,-139000000.0,-40000000.0,-40000000.0,-179000000,-134000000,0.0,-134000000,-134000000,-134000000,EPE,2019-12-31
