Currency,Fiscal Year,Fiscal Period,Publish Date,Restated Date,Shares (Basic),Shares (Diluted),Revenue,Cost of Revenue,Gross Profit,Operating Expenses,"Selling, General & Administrative",Operating Income (Loss),Non-Operating Income (Loss),"Interest Expense, Net","Pretax Income (Loss), Adj.",Pretax Income (Loss),"Income Tax (Expense) Benefit, Net",Income (Loss) from Continuing Operations,Net Income,Net Income (Common),Ticker,Report_Date
USD,2018,3,2018-10-23,2018-10-23,43094524.0,44829363.0,116727000.0,-80390000.0,36337000.0,-32413000.0,-10399000.0,3924000.0,-1093000.0,-1093000.0,2831000,1039000,11000.0,1050000,1050000,1050000,NDLS,2018-09-30
USD,2018,4,2019-03-15,2019-03-15,43922303.0,42187464.0,113193000.0,-79398000.0,33795000.0,-31655000.0,-10612000.0,2140000.0,-920000.0,-920000.0,1220000,30000,-11000.0,19000,19000,19000,NDLS,2018-12-31
USD,2019,1,2019-05-10,2019-05-10,43933235.0,43933235.0,110046000.0,-78613000.0,31433000.0,-32103000.0,-10140000.0,-670000.0,-761000.0,-761000.0,-1431000,-1851000,0.0,-1851000,-1851000,-1851000,NDLS,2019-03-31
USD,2019,2,2019-08-06,2019-08-06,43964175.0,45075888.0,120190000.0,-81636000.0,38554000.0,-34432000.0,-11848000.0,4122000.0,-800000.0,-800000.0,3322000,438000,0.0,438000,438000,438000,NDLS,2019-06-30
USD,2019,3,2019-11-08,2020-10-29,43990049.0,44899176.0,118304000.0,-79603000.0,38701000.0,-33321000.0,-10436000.0,5380000.0,-737000.0,-737000.0,4643000,4307000,-64000.0,4243000,4243000,4243000,NDLS,2019-09-30
USD,2019,4,2020-02-26,2020-02-26,44260329.0,45997445.0,113871000.0,-76755000.0,37116000.0,-32762000.0,-11022000.0,4354000.0,-644000.0,-644000.0,3710000,-1143000,-40000.0,-1183000,-1183000,-1183000,NDLS,2019-12-31
USD,2020,1,2020-06-17,2021-04-30,44142220.0,44142220.0,100348000.0,-71495000.0,28853000.0,-32651000.0,-10554000.0,-3798000.0,-968000.0,-968000.0,-4766000,-5822000,-13000.0,-5835000,-5835000,-5835000,NDLS,2020-03-31
USD,2020,2,2020-08-06,2020-08-06,44212751.0,44212751.0,80157000.0,-58833000.0,21324000.0,-31291000.0,-10034000.0,-9967000.0,-920000.0,-920000.0,-10887000,-13445000,-33000.0,-13478000,-13478000,-13478000,NDLS,2020-06-30
