Currency,Fiscal Year,Fiscal Period,Publish Date,Restated Date,Shares (Basic),Shares (Diluted),Revenue,Cost of Revenue,Gross Profit,Operating Expenses,"Selling, General & Administrative",Operating Income (Loss),Non-Operating Income (Loss),"Interest Expense, Net","Pretax Income (Loss), Adj.",Pretax Income (Loss),"Income Tax (Expense) Benefit, Net",Income (Loss) from Continuing Operations,Net Income,Net Income (Common),Ticker,Report_Date
USD,2018,1,2018-06-13,2018-06-13,35532000.0,35532000.0,86591000.0,-37975000.0,48616000.0,-50528000.0,-50705000.0,-1912000.0,243000.0,243000.0,-1669000,-1669000,299000.0,-1370000,-1370000,-1370000,VRA,2018-04-30
USD,2018,2,2018-09-12,2018-09-12,35540000.0,35735000.0,113625000.0,-47885000.0,65740000.0,-53724000.0,-53770000.0,12016000.0,259000.0,259000.0,12275000,12275000,-2993000.0,9282000,9282000,9282000,VRA,2018-07-31
USD,2018,3,2018-12-12,2018-12-12,35219000.0,35496000.0,97688000.0,-40536000.0,57152000.0,-51809000.0,-51866000.0,5343000.0,175000.0,175000.0,5518000,5518000,-1292000.0,4226000,4226000,4226000,VRA,2018-10-31
USD,2018,4,2019-04-02,2019-04-02,34597000.0,35105000.0,118193000.0,-51114000.0,67079000.0,-55923000.0,-55643000.0,11156000.0,946000.0,448000.0,12102000,12102000,-3483000.0,8619000,8619000,8619000,VRA,2019-01-31
USD,2019,1,2019-06-12,2019-06-12,34228000.0,34228000.0,91003000.0,-40535000.0,50468000.0,-54113000.0,-54297000.0,-3645000.0,447000.0,447000.0,-3198000,-3198000,793000.0,-2405000,-2405000,-2405000,VRA,2019-04-30
USD,2019,2,2019-09-13,2019-09-13,34178000.0,34380000.0,119785000.0,-52452000.0,67333000.0,-59985000.0,-60745000.0,7348000.0,375000.0,375000.0,7723000,7723000,-2005000.0,5718000,5854000,5854000,VRA,2019-07-31
USD,2019,3,2019-12-11,2019-12-11,33907000.0,34114000.0,127501000.0,-59631000.0,67870000.0,-69346000.0,-69423000.0,-1476000.0,133000.0,133000.0,-1343000,-1343000,361000.0,-982000,139000,139000,VRA,2019-10-31
USD,2019,4,2020-03-31,2020-03-31,33619000.0,34430000.0,156923000.0,-70793000.0,86130000.0,-69981000.0,-68960000.0,16149000.0,1228000.0,130000.0,17377000,17377000,-4464000.0,12913000,12459000,12459000,VRA,2020-01-31
USD,2020,1,2020-06-10,2021-06-09,33330000.0,33330000.0,69284000.0,-35096000.0,34188000.0,-59782000.0,-59782000.0,-25594000.0,-52000.0,-72000.0,-25646000,-25646000,10109000.0,-15537000,-15337000,-22137000,VRA,2020-04-30
