Currency,Fiscal Year,Fiscal Period,Publish Date,Restated Date,Shares (Basic),Shares (Diluted),Revenue,Cost of Revenue,Gross Profit,Operating Expenses,"Selling, General & Administrative",Operating Income (Loss),Non-Operating Income (Loss),"Interest Expense, Net","Pretax Income (Loss), Adj.",Pretax Income (Loss),"Income Tax (Expense) Benefit, Net",Income (Loss) from Continuing Operations,Net Income,Net Income (Common),Ticker,Report_Date
USD,2019,2,2019-07-31,2020-08-04,103300000.0,104500000.0,2016100000.0,-1723200000.0,292900000.0,-66900000.0,-56400000.0,226000000.0,-15100000.0,-23700000.0,210900000,210900000,-42900000.0,168000000,168000000,168000000,SPR,2019-06-30
USD,2019,3,2019-10-31,2020-11-03,103500000.0,104600000.0,1919900000.0,-1647600000.0,272300000.0,-66200000.0,-53600000.0,206100000.0,-33100000.0,-23600000.0,173000000,173000000,-41700000.0,131300000,131300000,131300000,SPR,2019-09-30
USD,2019,4,2020-02-28,2021-02-25,103700000.0,103700000.0,1959300000.0,-1757300000.0,202000000.0,-106300000.0,-87800000.0,95700000.0,-19700000.0,-25800000.0,76000000,76000000,-8100000.0,67700000,67700000,67700000,SPR,2019-12-31
USD,2020,1,2020-05-06,2021-05-05,103700000.0,103700000.0,1077300000.0,-1112500000.0,-35200000.0,-89700000.0,-77400000.0,-124900000.0,-81200000.0,-32200000.0,-206100000,-248700000,87200000.0,-163000000,-163000000,-163000000,SPR,2020-03-31
USD,2020,2,2020-08-04,2020-08-04,103700000.0,103700000.0,644600000.0,-925100000.0,-280500000.0,-57300000.0,-49000000.0,-337800000.0,-55000000.0,-48600000.0,-392800000,-422000000,167600000.0,-255900000,-255900000,-255900000,SPR,2020-06-30
