Currency,Fiscal Year,Fiscal Period,Publish Date,Restated Date,Shares (Basic),Shares (Diluted),Revenue,Cost of Revenue,Gross Profit,Operating Expenses,"Selling, General & Administrative",Operating Income (Loss),Non-Operating Income (Loss),"Interest Expense, Net","Pretax Income (Loss), Adj.",Pretax Income (Loss),"Income Tax (Expense) Benefit, Net",Income (Loss) from Continuing Operations,Net Income,Net Income (Common),Ticker,Report_Date
USD,2018,3,2018-11-08,2019-11-07,91000000.0,91000000.0,821000000.0,-301000000.0,520000000.0,-386000000.0,-170000000.0,134000000.0,-143000000.0,-147000000.0,-9000000,-352000000,30816000.0,-352000000,-352000000,-352000000,SGMS,2018-09-30
USD,2018,4,2019-02-28,2021-03-01,92300000.0,92300000.0,885000000.0,-341000000.0,544000000.0,-393000000.0,-181000000.0,151000000.0,-122000000.0,-149000000.0,29000000,215000000,-7000000.0,208000000,208000000,208000000,SGMS,2018-12-31
USD,2019,1,2019-05-08,2020-05-11,92000000.0,92000000.0,837000000.0,-307000000.0,530000000.0,-400000000.0,-186000000.0,130000000.0,-148000000.0,-154000000.0,-18000000,-20000000,-4000000.0,-24000000,-24000000,-24000000,SGMS,2019-03-31
USD,2019,2,2019-08-02,2020-07-23,93000000.0,93000000.0,845000000.0,-321000000.0,524000000.0,-390000000.0,-174000000.0,134000000.0,-133000000.0,-147000000.0,1000000,-68000000,-7000000.0,-75000000,-77000000,-77000000,SGMS,2019-06-30
USD,2019,3,2019-11-07,2020-11-04,93000000.0,94000000.0,855000000.0,-317000000.0,538000000.0,-384000000.0,-175000000.0,154000000.0,-147000000.0,-146000000.0,7000000,15000000,3000000.0,18000000,14000000,14000000,SGMS,2019-09-30
USD,2019,4,2020-02-18,2021-03-01,94000000.0,93000000.0,863000000.0,-339000000.0,524000000.0,-368000000.0,-172000000.0,156000000.0,-135000000.0,-142000000.0,21000000,-35000000,-2000000.0,-37000000,-43000000,-43000000,SGMS,2019-12-31
USD,2020,1,2020-05-11,2021-05-10,94000000.0,94000000.0,725000000.0,-294000000.0,431000000.0,-387000000.0,-198000000.0,44000000.0,-129000000.0,-124000000.0,-85000000,-151000000,-4000000.0,-155000000,-159000000,-159000000,SGMS,2020-03-31
USD,2020,2,2020-07-23,2020-07-23,95000000.0,95000000.0,539000000.0,-257000000.0,282000000.0,-322000000.0,-151000000.0,-40000000.0,-128000000.0,-124000000.0,-168000000,-196000000,-2000000.0,-198000000,-203000000,-203000000,SGMS,2020-06-30
