Currency,Fiscal Year,Fiscal Period,Publish Date,Restated Date,Shares (Basic),Shares (Diluted),Revenue,Cost of Revenue,Gross Profit,Operating Expenses,"Selling, General & Administrative",Operating Income (Loss),Non-Operating Income (Loss),"Interest Expense, Net","Pretax Income (Loss), Adj.",Pretax Income (Loss),"Income Tax (Expense) Benefit, Net",Income (Loss) from Continuing Operations,Net Income,Net Income (Common),Ticker,Report_Date
USD,2016,1,2016-04-21,2017-05-10,104803000.0,105785000.0,2134629000.0,-1879059000.0,255570000.0,-87843000.0,-80946000.0,167727000.0,-14280000.0,-17885000.0,153447000,153447000,-39524000.0,113923000,106925000,106925000,CBI,2016-03-31
USD,2016,2,2016-07-27,2017-08-09,105298000.0,106091000.0,2161164000.0,-1903209000.0,257955000.0,-76766000.0,-69195000.0,181189000.0,-15383000.0,-17442000.0,165806000,165806000,-41937000.0,123869000,123839000,123839000,CBI,2016-06-30
USD,2016,3,2016-10-28,2017-10-31,101102000.0,101863000.0,2137877000.0,-1920894000.0,216983000.0,-65039000.0,-62913000.0,151944000.0,3338000.0,706000.0,155282000,155282000,-22206000.0,133076000,121760000,121760000,CBI,2016-09-30
USD,2016,4,2017-03-01,2017-10-31,100041000.0,97505000.0,4245888000.0,-3950340000.0,295548000.0,-165004000.0,-136820000.0,130544000.0,-39194000.0,-57724000.0,91350000,-711798000,101107000.0,-610691000,-665693000,-665693000,CBI,2016-12-31
USD,2017,1,2017-05-10,2017-05-10,100451000.0,101360000.0,1827352000.0,-1676401000.0,150951000.0,-79574000.0,-73057000.0,71377000.0,-15262000.0,-22873000.0,56115000,56115000,-13704000.0,42411000,24655000,24655000,CBI,2017-03-31
USD,2017,2,2017-08-09,2017-08-09,100866000.0,100866000.0,1283477000.0,-1661534000.0,-378057000.0,-77181000.0,-67167000.0,-455238000.0,-25177000.0,-33832000.0,-480415000,-480415000,178752000.0,-301663000,-425419000,-425419000,CBI,2017-06-30
USD,2017,3,2017-10-31,2017-10-31,101177000.0,101736000.0,1737764000.0,-1655002000.0,82762000.0,-53296000.0,-51458000.0,29466000.0,5013000.0,-4714000.0,34479000,7597000,-3112000.0,4485000,10039000,10039000,CBI,2017-09-30
USD,2017,4,2018-03-22,2018-03-22,101470000.0,100002000.0,1824737000.0,-1673281000.0,151456000.0,-26295000.0,-83739000.0,125161000.0,-141978000.0,-164382000.0,-16817000,-104460000,-960871000.0,-1065331000,-1067468000,-1067468000,CBI,2017-12-31
USD,2018,1,2018-04-24,2018-04-24,102333000.0,102627000.0,1745619000.0,-1572520000.0,173099000.0,-69736000.0,-64498000.0,103363000.0,-42431000.0,-51875000.0,60932000,55822000,-11164000.0,44658000,43894000,43894000,CBI,2018-03-31
