Currency,Fiscal Year,Fiscal Period,Publish Date,Restated Date,Shares (Basic),Shares (Diluted),Revenue,Cost of Revenue,Gross Profit,Operating Expenses,"Selling, General & Administrative",Operating Income (Loss),Non-Operating Income (Loss),"Interest Expense, Net","Pretax Income (Loss), Adj.",Pretax Income (Loss),"Income Tax (Expense) Benefit, Net",Income (Loss) from Continuing Operations,Net Income,Net Income (Common),Ticker,Report_Date
USD,2015,4,2015-12-22,2016-12-16,414771000.0,422316000.0,588827000.0,-194550000.0,394277000.0,-275056000.0,-178839000.0,119221000.0,-8729000.0,-7970000.0,110492000,110492000,-26104000.0,84388000,84388000,84388000,BRCD,2015-10-31
USD,2016,1,2016-03-04,2017-03-03,407902000.0,415085000.0,574284000.0,-185469000.0,388815000.0,-267849000.0,-174256000.0,120966000.0,-9196000.0,-9865000.0,111770000,111770000,-18124000.0,93646000,93646000,93646000,BRCD,2016-01-31
USD,2016,2,2016-06-03,2017-06-02,400554000.0,408748000.0,523306000.0,-172995000.0,350311000.0,-267646000.0,-171724000.0,82665000.0,-8864000.0,-9955000.0,73801000,73801000,-30716000.0,43085000,43085000,43085000,BRCD,2016-04-30
USD,2016,3,2016-09-02,2017-09-01,426671000.0,434416000.0,590721000.0,-233822000.0,356899000.0,-336305000.0,-200943000.0,20594000.0,-11905000.0,-13462000.0,8689000,8689000,1806000.0,10495000,10495000,10495000,BRCD,2016-07-31
USD,2016,4,2016-12-16,2017-09-01,401105000.0,410123000.0,657299000.0,-236985000.0,420314000.0,-337446000.0,-205107000.0,82868000.0,-15090000.0,-10794000.0,67778000,67778000,-1077000.0,66701000,66589000,66589000,BRCD,2016-10-31
USD,2017,1,2017-03-03,2017-03-03,404995000.0,404995000.0,581463000.0,-214340000.0,367123000.0,-362832000.0,-213698000.0,4291000.0,-15035000.0,-15493000.0,-10744000,-10744000,4900000.0,-5844000,-5681000,-5681000,BRCD,2017-01-31
USD,2017,2,2017-06-02,2017-06-02,408589000.0,408589000.0,552753000.0,-209993000.0,342760000.0,-348694000.0,-203331000.0,-5934000.0,-13851000.0,-15949000.0,-19785000,-19785000,8753000.0,-11032000,-10967000,-10967000,BRCD,2017-04-30
USD,2017,3,2017-09-01,2017-09-01,411898000.0,411898000.0,549266000.0,-198121000.0,351145000.0,-362496000.0,-181326000.0,-11351000.0,-13295000.0,-15875000.0,-24646000,-33174000,13622000.0,-19552000,-19506000,-19506000,BRCD,2017-07-31
