Currency,Fiscal Year,Fiscal Period,Publish Date,Restated Date,Shares (Basic),Shares (Diluted),Revenue,Cost of Revenue,Gross Profit,Operating Expenses,"Selling, General & Administrative",Operating Income (Loss),Non-Operating Income (Loss),"Interest Expense, Net","Pretax Income (Loss), Adj.",Pretax Income (Loss),"Income Tax (Expense) Benefit, Net",Income (Loss) from Continuing Operations,Net Income,Net Income (Common),Ticker,Report_Date
USD,2018,2,2018-08-10,2018-08-10,187326437.0,187326437.0,74698000.0,-47731000.0,26967000.0,-30918000.0,-3424000.0,-3951000.0,-17693000.0,-17693000.0,-21644000,-30092000,-15000.0,-34205000,-34094000,-34094000,NHHS,2018-06-30
USD,2018,3,2018-11-13,2018-11-13,187432091.0,187432091.0,75413000.0,-47355000.0,28058000.0,-28447000.0,-2818000.0,-389000.0,-17677000.0,-17677000.0,-18066000,-23291000,-10000.0,-6670000,-6604000,-6604000,NHHS,2018-09-30
USD,2018,4,2019-09-16,2019-09-16,188173824.0,188173824.0,75664000.0,141510000.0,217174000.0,-218412000.0,-4461000.0,-1238000.0,-17788000.0,-17788000.0,-19026000,-39759000,-74000.0,-77257000,-77212000,-77212000,NHHS,2018-12-31
USD,2019,1,2019-05-10,2019-05-10,189005931.0,189005931.0,74423000.0,-45218000.0,29205000.0,-25453000.0,-3054000.0,3752000.0,-17396000.0,-17396000.0,-13644000,-18439000,-6000.0,-18669000,-18617000,-18617000,NHHS,2019-03-31
USD,2019,2,2019-08-09,2019-08-09,189082397.0,189082397.0,76895000.0,-10081000.0,76895000.0,-62947000.0,-2349000.0,13948000.0,-17294000.0,-17294000.0,-3346000,-13040000,-15000.0,-17460000,-17146000,-17146000,NHHS,2019-06-30
USD,2019,3,2019-11-08,2019-11-08,189094572.0,189094572.0,74724000.0,-10081000.0,74724000.0,-64330000.0,-2807000.0,10394000.0,-17218000.0,-17218000.0,-6824000,-11643000,-17000.0,-14697000,-14624000,-14624000,NHHS,2019-09-30
USD,2019,4,2020-03-23,2020-03-23,189034180.0,189034180.0,74839000.0,45218000.0,120057000.0,-112234000.0,-4551000.0,7823000.0,-16988000.0,-16988000.0,-9165000,-31008000,-37000.0,-26924000,-26573000,-26573000,NHHS,2019-12-31
USD,2020,1,2020-05-08,2021-05-14,189038484.0,189038484.0,74796000.0,-10081000.0,74796000.0,-65219000.0,-3029000.0,9577000.0,-17672000.0,-16679000.0,-8095000,-12533000,-14000.0,-12547000,-12481000,-12481000,NHHS,2020-03-31
USD,2020,2,2020-08-13,2020-08-13,189336336.0,189336336.0,69992000.0,-10081000.0,69992000.0,-64795000.0,-2288000.0,5197000.0,-14547000.0,-14547000.0,-9350000,-105218000,-14000.0,-139995000,-139281000,-139281000,NHHS,2020-06-30
