Currency,Fiscal Year,Fiscal Period,Publish Date,Restated Date,Shares (Basic),Shares (Diluted),Revenue,Cost of Revenue,Gross Profit,Operating Expenses,"Selling, General & Administrative",Operating Income (Loss),Non-Operating Income (Loss),"Interest Expense, Net","Pretax Income (Loss), Adj.",Pretax Income (Loss),"Income Tax (Expense) Benefit, Net",Income (Loss) from Continuing Operations,Net Income,Net Income (Common),Ticker,Report_Date
USD,2019,3,2019-10-31,2020-10-29,177100000.0,177300000.0,1183900000.0,-839600000.0,344300000.0,-264900000.0,-161500000.0,79400000.0,-2300000.0,-1800000.0,77100000,26700000,-7000000.0,19700000,19700000,19700000,SNDR,2019-09-30
USD,2019,4,2020-02-19,2021-02-19,177200000.0,177100000.0,1156300000.0,-825100000.0,331200000.0,-239800000.0,-161500000.0,91400000.0,-2000000.0,-1600000.0,89400000,76100000,-20200000.0,55900000,55900000,55900000,SNDR,2019-12-31
USD,2020,1,2020-04-30,2021-04-29,177100000.0,177400000.0,1119100000.0,-743999999.0,375100001.0,-321400000.0,-161500000.0,53700001.0,3400000.0,-2000000.0,57100001,58300001,-14500000.0,43800001,43800001,43800001,SNDR,2020-03-31
USD,2020,2,2020-07-30,2020-07-30,177200000.0,177500000.0,1032800000.0,-727000000.0,305800000.0,-242200000.0,-161500000.0,63600000.0,-700000.0,-2800000.0,62900000,62700000,-16200000.0,46500000,46500000,46500000,SNDR,2020-06-30
