Currency,Fiscal Year,Fiscal Period,Publish Date,Restated Date,Shares (Basic),Shares (Diluted),Revenue,Cost of Revenue,Gross Profit,Operating Expenses,"Selling, General & Administrative",Operating Income (Loss),Non-Operating Income (Loss),"Interest Expense, Net","Pretax Income (Loss), Adj.",Pretax Income (Loss),"Income Tax (Expense) Benefit, Net",Income (Loss) from Continuing Operations,Net Income,Net Income (Common),Ticker,Report_Date
USD,2016,1,2015-12-14,2016-12-09,27873000.0,28759000.0,295520000.0,-180613000.0,114907000.0,-105027000.0,-105027000.0,9880000.0,-22055000.0,-21906000.0,-12175000,-12175000,-835000.0,-13010000,-10028000,-10028000,CK00007861,2015-10-31
USD,2016,2,2016-04-28,2016-04-28,27873000.0,28759000.0,273465000.0,-172805000.0,100660000.0,-103366000.0,-103366000.0,-2706000.0,-21466000.0,-21608000.0,-24172000,-24172000,-1222000.0,-25394000,-26562000,-26562000,CK00007861,2016-01-31
USD,2016,3,2016-06-14,2016-06-14,27873000.0,28759000.0,305441000.0,-182660000.0,122781000.0,-108566000.0,-108566000.0,14215000.0,-22038000.0,-21868000.0,-7823000,-7823000,-1829000.0,-9652000,-10028000,-10028000,CK00007861,2016-04-30
USD,2016,4,2016-10-28,2016-10-28,27873000.0,28759000.0,331713000.0,-216680000.0,115033000.0,-110679000.0,-110679000.0,4354000.0,-20980000.0,-20567000.0,-16626000,24896000,1383000.0,26279000,36442000,36442000,CK00007861,2016-07-31
USD,2017,1,2016-12-09,2016-12-09,27873000.0,28759000.0,279827000.0,-172822000.0,107005000.0,-105154000.0,-105154000.0,1851000.0,-19797000.0,-19932000.0,-17946000,-17946000,7054000.0,-10892000,-10892000,-10892000,CK00007861,2016-10-31
USD,2017,2,2017-03-14,2017-03-14,27873000.0,28759000.0,356834000.0,-240423000.0,116411000.0,-106210000.0,-106210000.0,10201000.0,-19352000.0,-19433000.0,-9151000,-377220000,52285000.0,-324935000,-324935000,-324935000,CK00007861,2017-01-31
