Currency,Fiscal Year,Fiscal Period,Publish Date,Restated Date,Shares (Basic),Shares (Diluted),Revenue,Cost of Revenue,Gross Profit,Operating Expenses,"Selling, General & Administrative",Operating Income (Loss),Non-Operating Income (Loss),"Interest Expense, Net","Pretax Income (Loss), Adj.",Pretax Income (Loss),"Income Tax (Expense) Benefit, Net",Income (Loss) from Continuing Operations,Net Income,Net Income (Common),Ticker,Report_Date
USD,2019,1,2019-05-02,2019-05-02,568000000.0,570000000.0,1583000000.0,-313000000.0,1270000000.0,-605000000.0,-42000000.0,665000000.0,-39000000.0,-62000000.0,626000000,626000000,-134000000.0,492000000,484000000,484000000,ICE,2019-03-31
USD,2019,2,2019-08-01,2019-08-01,563000000.0,566000000.0,1634000000.0,-336000000.0,1298000000.0,-618000000.0,-41000000.0,680000000.0,-52000000.0,-61000000.0,628000000,628000000,-150000000.0,478000000,472000000,472000000,ICE,2019-06-30
USD,2019,3,2019-10-31,2019-10-31,559000000.0,563000000.0,1663000000.0,-327000000.0,1336000000.0,-630000000.0,-33000000.0,706000000.0,-66000000.0,-64000000.0,640000000,640000000,-103000000.0,537000000,529000000,529000000,ICE,2019-09-30
USD,2019,4,2020-02-06,2020-02-06,554000000.0,561000000.0,1667000000.0,-369000000.0,1298000000.0,-676000000.0,-45000000.0,622000000.0,-35000000.0,-63000000.0,587000000,587000000,-134000000.0,453000000,448000000,448000000,ICE,2019-12-31
USD,2020,1,2020-04-30,2021-04-29,552000000.0,555000000.0,2115000000.0,-556000000.0,1559000000.0,-677000000.0,-49000000.0,882000000.0,-46000000.0,-66000000.0,836000000,836000000,-178000000.0,658000000,650000000,650000000,ICE,2020-03-31
USD,2020,2,2020-07-30,2020-07-30,546000000.0,549000000.0,1966000000.0,-571000000.0,1395000000.0,-651000000.0,-40000000.0,744000000.0,-71000000.0,-82000000.0,673000000,673000000,-145000000.0,528000000,523000000,523000000,ICE,2020-06-30
