Currency,Fiscal Year,Fiscal Period,Publish Date,Restated Date,Shares (Basic),Shares (Diluted),Revenue,Cost of Revenue,Gross Profit,Operating Expenses,"Selling, General & Administrative",Operating Income (Loss),Non-Operating Income (Loss),"Interest Expense, Net","Pretax Income (Loss), Adj.",Pretax Income (Loss),"Income Tax (Expense) Benefit, Net",Income (Loss) from Continuing Operations,Net Income,Net Income (Common),Ticker,Report_Date
USD,2016,4,2017-03-30,2018-03-16,10298091.0,10311499.0,37709000.0,-32029000.0,5680000.0,-2694000.0,-2461000.0,2986000.0,-804000.0,-491000.0,2182000,2182000,439000.0,2621000,2621000,2621000,TIS,2016-12-31
USD,2017,1,2017-05-08,2018-05-09,10301308.0,10301308.0,35354000.0,-33385000.0,1969000.0,-2852000.0,-2619000.0,-883000.0,-350000.0,-517000.0,-1233000,-1233000,373000.0,-860000,-860000,-860000,TIS,2017-03-31
USD,2017,2,2017-08-09,2017-08-09,10367315.0,10367315.0,38443000.0,-36929000.0,1514000.0,-3522000.0,-3289000.0,-2008000.0,-445000.0,-560000.0,-2453000,-2453000,406000.0,-2047000,-2047000,-2047000,TIS,2017-06-30
USD,2017,3,2017-11-09,2017-11-09,10429091.0,10429091.0,45172000.0,-42432000.0,2740000.0,-3259000.0,-3026000.0,-519000.0,-785000.0,-827000.0,-1304000,-1304000,2009000.0,705000,705000,705000,TIS,2017-09-30
USD,2017,4,2018-03-16,2018-03-16,10498582.0,10561770.0,43515000.0,-41012000.0,2503000.0,-3010000.0,-2777000.0,-507000.0,-3330000.0,-3076000.0,-3837000,-3837000,12713000.0,8876000,8876000,8876000,TIS,2017-12-31
USD,2018,1,2018-05-09,2018-05-09,10670348.0,10670348.0,48248000.0,-45375000.0,2873000.0,-3866000.0,-3633000.0,-993000.0,-3234000.0,-3389000.0,-4227000,-4227000,1933000.0,-2294000,-2294000,-2294000,TIS,2018-03-31
USD,2018,2,2018-08-09,2018-08-09,10670348.0,10670348.0,45858000.0,-45263000.0,595000.0,-5933000.0,-5700000.0,-5338000.0,-4353000.0,-4530000.0,-9691000,-9691000,2766000.0,-6925000,-6925000,-6925000,TIS,2018-06-30
USD,2018,3,2018-11-14,2018-11-14,10670348.0,10670348.0,48723000.0,-48500000.0,223000.0,-5698000.0,-5465000.0,-5475000.0,-5626000.0,-5820000.0,-11101000,-11101000,-4881000.0,-15982000,-15982000,-15982000,TIS,2018-09-30
USD,2018,4,2019-04-05,2019-04-05,10670348.0,10670348.0,43853000.0,-49937000.0,-6084000.0,-5585000.0,-5352000.0,-11669000.0,-4086000.0,-6426000.0,-15755000,-15755000,3284000.0,-12471000,-12471000,-12471000,TIS,2018-12-31
