Currency,Fiscal Year,Fiscal Period,Publish Date,Restated Date,Shares (Basic),Shares (Diluted),Revenue,Cost of Revenue,Gross Profit,Operating Expenses,"Selling, General & Administrative",Operating Income (Loss),Non-Operating Income (Loss),"Interest Expense, Net","Pretax Income (Loss), Adj.",Pretax Income (Loss),"Income Tax (Expense) Benefit, Net",Income (Loss) from Continuing Operations,Net Income,Net Income (Common),Ticker,Report_Date
USD,2018,2,2018-08-02,2018-08-02,123063000.0,126716000.0,492000000.0,-348000000.0,144000000.0,-79000000.0,-79000000.0,65000000.0,-12000000.0,-41000000.0,53000000,23000000,27000000.0,50000000,36000000,36000000,TROX,2018-06-30
USD,2018,3,2018-11-06,2018-11-06,123121000.0,126302000.0,456000000.0,-335000000.0,121000000.0,-62000000.0,-62000000.0,59000000.0,-32000000.0,-39000000.0,27000000,21000000,-6000000.0,15000000,6000000,6000000,TROX,2018-09-30
USD,2018,4,2019-03-01,2019-03-01,123013000.0,116179000.0,429000000.0,-311000000.0,118000000.0,-50000000.0,-50000000.0,68000000.0,-33000000.0,-39000000.0,35000000,35000000,-29000000.0,6000000,-5000000,-5000000,TROX,2018-12-31
USD,2019,1,2019-05-10,2019-05-10,124296000.0,124296000.0,390000000.0,-307000000.0,83000000.0,-67000000.0,-67000000.0,16000000.0,-42000000.0,-40000000.0,-26000000,-28000000,-2000000.0,-30000000,-34000000,-34000000,TROX,2019-03-31
USD,2019,2,2019-08-09,2019-08-09,150686000.0,150686000.0,791000000.0,-672000000.0,119000000.0,-122000000.0,-103000000.0,-3000000.0,-46000000.0,-51000000.0,-49000000,-59000000,4000000.0,-55000000,-62000000,-62000000,TROX,2019-06-30
USD,2019,3,2019-11-12,2019-11-12,142278000.0,142278000.0,768000000.0,-635000000.0,133000000.0,-82000000.0,-82000000.0,51000000.0,-48000000.0,-47000000.0,3000000,0,-12000000.0,-12000000,-13000000,-13000000,TROX,2019-09-30
USD,2019,4,2020-03-16,2020-03-16,142176000.0,142176000.0,693000000.0,-545000000.0,148000000.0,-95000000.0,-95000000.0,53000000.0,-44000000.0,-45000000.0,9000000,-1000000,-4000000.0,-5000000,0,0,TROX,2019-12-31
USD,2020,1,2020-05-07,2021-04-29,142736000.0,143596000.0,722000000.0,-547000000.0,175000000.0,-94000000.0,-94000000.0,81000000.0,-32000000.0,-42000000.0,49000000,47000000,-7000000.0,40000000,32000000,32000000,TROX,2020-03-31
USD,2020,2,2020-07-30,2020-07-30,143465000.0,143465000.0,578000000.0,-449000000.0,129000000.0,-80000000.0,-80000000.0,49000000.0,-43000000.0,-45000000.0,6000000,6000000,-10000000.0,-4000000,-4000000,-4000000,TROX,2020-06-30
