Currency,Fiscal Year,Fiscal Period,Publish Date,Restated Date,Shares (Basic),Shares (Diluted),Revenue,Cost of Revenue,Gross Profit,Operating Expenses,"Selling, General & Administrative",Operating Income (Loss),Non-Operating Income (Loss),"Interest Expense, Net","Pretax Income (Loss), Adj.",Pretax Income (Loss),"Income Tax (Expense) Benefit, Net",Income (Loss) from Continuing Operations,Net Income,Net Income (Common),Ticker,Report_Date
USD,2018,2,2018-07-25,2018-07-25,136000000.0,139000000.0,1919000000.0,-1243000000.0,676000000.0,-371000000.0,-351000000.0,305000000.0,-41000000.0,-42000000.0,264000000,264000000,-42000000.0,233000000,219000000,219000000,DGX,2018-06-30
USD,2018,3,2018-10-24,2018-10-24,136000000.0,139000000.0,1889000000.0,-1222000000.0,667000000.0,-363000000.0,-354000000.0,304000000.0,-38000000.0,-41000000.0,266000000,266000000,-48000000.0,227000000,213000000,213000000,DGX,2018-09-30
USD,2018,4,2019-02-21,2019-02-21,136000000.0,139000000.0,1839000000.0,-1235000000.0,604000000.0,-384000000.0,-356000000.0,220000000.0,-53000000.0,-43000000.0,167000000,167000000,-40000000.0,139000000,127000000,127000000,DGX,2018-12-31
USD,2019,1,2019-04-24,2019-04-24,134000000.0,136000000.0,1891000000.0,-1244000000.0,647000000.0,-399000000.0,-384000000.0,248000000.0,-35000000.0,-44000000.0,213000000,213000000,-50000000.0,176000000,164000000,164000000,DGX,2019-03-31
USD,2019,2,2019-07-24,2019-07-24,135000000.0,136000000.0,1953000000.0,-1265000000.0,688000000.0,-381000000.0,-362000000.0,307000000.0,-42000000.0,-45000000.0,265000000,265000000,-63000000.0,219000000,226000000,226000000,DGX,2019-06-30
USD,2019,3,2019-10-23,2020-10-23,135000000.0,137000000.0,1956000000.0,-1264000000.0,692000000.0,-379000000.0,-362000000.0,313000000.0,-43000000.0,-44000000.0,270000000,270000000,-62000000.0,226000000,215000000,215000000,DGX,2019-09-30
USD,2019,4,2020-02-20,2020-10-23,132000000.0,135000000.0,1926000000.0,-1264000000.0,662000000.0,-299000000.0,-349000000.0,363000000.0,-35000000.0,-42000000.0,328000000,328000000,-72000000.0,265000000,253000000,253000000,DGX,2019-12-31
USD,2020,1,2020-05-04,2021-04-23,134000000.0,135000000.0,1822000000.0,-1270000000.0,552000000.0,-377000000.0,-347000000.0,175000000.0,-57000000.0,-41000000.0,118000000,118000000,-26000000.0,106000000,99000000,99000000,DGX,2020-03-31
USD,2020,2,2020-07-24,2020-07-24,134000000.0,136000000.0,1827000000.0,-1221000000.0,606000000.0,-323000000.0,-360000000.0,283000000.0,-28000000.0,-41000000.0,255000000,255000000,-66000000.0,193000000,185000000,185000000,DGX,2020-06-30
