Currency,Fiscal Year,Fiscal Period,Publish Date,Restated Date,Shares (Basic),Shares (Diluted),Revenue,Cost of Revenue,Gross Profit,Operating Expenses,"Selling, General & Administrative",Operating Income (Loss),Non-Operating Income (Loss),"Interest Expense, Net","Pretax Income (Loss), Adj.",Pretax Income (Loss),"Income Tax (Expense) Benefit, Net",Income (Loss) from Continuing Operations,Net Income,Net Income (Common),Ticker,Report_Date
USD,2019,1,2019-04-30,2019-04-30,38603000.0,39787000.0,86510000.0,-42426000.0,44084000.0,-27915000.0,-22986000.0,16169000.0,-3405000.0,-4592000.0,12764000,12764000,-2815000.0,9949000,9949000,9949000,LNTH,2019-03-31
USD,2019,2,2019-07-25,2019-07-25,38972000.0,40239000.0,85705000.0,-41132000.0,44573000.0,-30036000.0,-24241000.0,14537000.0,-3231000.0,-4543000.0,11306000,8110000,-1698000.0,6412000,6412000,6412000,LNTH,2019-06-30
USD,2019,3,2019-10-31,2019-10-31,39123000.0,40286000.0,85776000.0,-44187000.0,41589000.0,-33072000.0,-28212000.0,8517000.0,-3160000.0,-2356000.0,5357000,5357000,-501000.0,4856000,4856000,4856000,LNTH,2019-09-30
USD,2019,4,2020-02-25,2020-02-25,39254000.0,40140000.0,89346000.0,-44781000.0,44565000.0,-32127000.0,-27693000.0,12438000.0,-10042000.0,-2126000.0,2396000,2396000,8054000.0,10450000,10450000,10450000,LNTH,2019-12-31
USD,2020,1,2020-04-30,2021-05-04,39433000.0,40102000.0,90704000.0,-52702000.0,38002000.0,-30877000.0,-26829000.0,7125000.0,-1596000.0,-1946000.0,5529000,5529000,-2192000.0,3337000,3337000,3337000,LNTH,2020-03-31
USD,2020,2,2020-07-31,2020-07-31,43135000.0,43135000.0,66010000.0,-40162000.0,25848000.0,-31393000.0,-26975000.0,-5545000.0,-1158000.0,-1914000.0,-6703000,-6703000,-309000.0,-7012000,-7012000,-7012000,LNTH,2020-06-30
