Currency,Fiscal Year,Fiscal Period,Publish Date,Restated Date,Shares (Basic),Shares (Diluted),Revenue,Cost of Revenue,Gross Profit,Operating Expenses,"Selling, General & Administrative",Operating Income (Loss),Non-Operating Income (Loss),"Interest Expense, Net","Pretax Income (Loss), Adj.",Pretax Income (Loss),"Income Tax (Expense) Benefit, Net",Income (Loss) from Continuing Operations,Net Income,Net Income (Common),Ticker,Report_Date
USD,2019,1,2019-05-09,2019-05-09,103365000.0,103365000.0,1119006000.0,-886802000.0,232204000.0,-174317000.0,-113117000.0,57887000.0,-42049000.0,-33128000.0,15838000,-19588000,-10416000.0,-30004000,-30004000,-30004000,SYNH,2019-03-31
USD,2019,2,2019-08-06,2019-08-06,103699000.0,104818000.0,1166827000.0,-917529000.0,249298000.0,-171628000.0,-110879000.0,77670000.0,-24557000.0,-32130000.0,53113000,33577000,-22285000.0,11292000,11292000,11292000,SYNH,2019-06-30
USD,2019,3,2019-10-31,2019-10-31,103594000.0,105021000.0,1177028000.0,-913674000.0,263354000.0,-170001000.0,-109864000.0,93353000.0,532000.0,-30181000.0,93885000,69975000,-11055000.0,58920000,58920000,58920000,SYNH,2019-09-30
USD,2019,4,2020-02-20,2020-02-20,103814000.0,106816000.0,1212954000.0,-927900000.0,285054000.0,-172800000.0,-112421000.0,112254000.0,-80366000.0,-26839000.0,31888000,17745000,73305000.0,91050000,91050000,91050000,SYNH,2019-12-31
USD,2020,1,2020-04-30,2021-04-29,104265000.0,105642000.0,1163355000.0,-924014000.0,239341000.0,-181654000.0,-125547000.0,57687000.0,-7192000.0,-26122000.0,50495000,41775000,-8201000.0,33574000,33574000,33574000,SYNH,2020-03-31
USD,2020,2,2020-08-06,2020-08-06,104198000.0,105219000.0,1013399000.0,-805892000.0,207507000.0,-160997000.0,-104976000.0,46510000.0,-27323000.0,-21562000.0,19187000,7648000,-3737000.0,3911000,3911000,3911000,SYNH,2020-06-30
