Currency,Fiscal Year,Fiscal Period,Publish Date,Restated Date,Shares (Basic),Shares (Diluted),Revenue,Cost of Revenue,Gross Profit,Operating Expenses,"Selling, General & Administrative",Operating Income (Loss),Non-Operating Income (Loss),"Interest Expense, Net","Pretax Income (Loss), Adj.",Pretax Income (Loss),"Income Tax (Expense) Benefit, Net",Income (Loss) from Continuing Operations,Net Income,Net Income (Common),Ticker,Report_Date
USD,2019,1,2019-05-02,2020-05-01,65192000.0,66847000.0,722022000.0,-518508000.0,203514000.0,-124703000.0,-97095000.0,78811000.0,-6329000.0,-12369000.0,72482000,72394000,-28138000.0,44256000,44084000,44084000,PRAH,2019-03-31
USD,2019,2,2019-08-01,2020-08-07,65328000.0,66763000.0,763309000.0,-547346000.0,215963000.0,-127395000.0,-98804000.0,88568000.0,-22154000.0,-12491000.0,66414000,65859000,-24804000.0,41055000,41128000,41128000,PRAH,2019-06-30
USD,2019,3,2019-10-31,2020-11-05,64771000.0,66213000.0,780691000.0,-559269000.0,221422000.0,-124806000.0,-95542000.0,96616000.0,-7551000.0,-12974000.0,89065000,86382000,-3375000.0,83007000,83007000,83007000,PRAH,2019-09-30
USD,2019,4,2020-02-21,2021-02-24,62733000.0,64193000.0,800240000.0,85582000.0,885822000.0,-782999000.0,-103484000.0,102823000.0,-18036000.0,-14153000.0,84787000,81292000,-6491000.0,74801000,74801000,74801000,PRAH,2019-12-31
USD,2020,1,2020-05-01,2021-04-29,62933000.0,64339000.0,783708000.0,-403862000.0,379846000.0,-316076000.0,-106957000.0,63770000.0,-5649000.0,-13487000.0,58121000,57531000,-16871000.0,40660000,40660000,40660000,PRAH,2020-03-31
USD,2020,2,2020-08-07,2020-08-07,63168000.0,64457000.0,729891000.0,-543606000.0,186285000.0,-142465000.0,-109980000.0,43820000.0,-22640000.0,-11895000.0,21180000,20986000,-7112000.0,13874000,13874000,13874000,PRAH,2020-06-30
