Currency,Fiscal Year,Fiscal Period,Publish Date,Restated Date,Shares (Basic),Shares (Diluted),Revenue,Cost of Revenue,Gross Profit,Operating Expenses,"Selling, General & Administrative",Operating Income (Loss),Non-Operating Income (Loss),"Interest Expense, Net","Pretax Income (Loss), Adj.",Pretax Income (Loss),"Income Tax (Expense) Benefit, Net",Income (Loss) from Continuing Operations,Net Income,Net Income (Common),Ticker,Report_Date
USD,2016,2,2016-08-12,2017-08-14,10056392.0,10424725.0,5919287.0,-4973343.0,945944.0,-868343.0,-808765.0,77601.0,-63442.0,-77442.0,14159,14159,2203.0,16362,16362,16362,CAGU,2016-06-30
USD,2016,3,2016-11-14,2017-11-14,10056392.0,10056392.0,7000156.0,-5666052.0,1334104.0,-989861.0,-920404.0,344243.0,-64859.0,-78859.0,279384,279384,-112274.0,167110,167110,167110,CAGU,2016-09-30
USD,2016,4,2017-04-14,2018-04-02,10056392.0,9319726.0,6949431.0,-3697568.0,3251863.0,-1216170.0,-1183039.0,2035693.0,-47650.0,-81175.0,1988043,197246,-173057.0,24189,24189,24189,CAGU,2016-12-31
USD,2017,1,2017-05-15,2018-05-15,10056392.0,10056392.0,6581515.0,-4766663.0,1814852.0,-1232929.0,-1174937.0,581923.0,-56774.0,-69774.0,525149,140203,-98110.0,42093,42093,42093,CAGU,2017-03-31
USD,2017,2,2017-08-14,2017-08-14,10056392.0,10056392.0,6430469.0,-5360828.0,1069641.0,-976742.0,-921884.0,92899.0,-59632.0,-69346.0,33267,33267,-30667.0,2600,2600,2600,CAGU,2017-06-30
USD,2017,3,2017-11-14,2017-11-14,10056392.0,10056392.0,6383268.0,-5203092.0,1180176.0,-1132299.0,-1026186.0,47877.0,-56121.0,-69121.0,-8244,-8244,-31681.0,-39925,-39925,-39925,CAGU,2017-09-30
USD,2017,4,2018-04-02,2018-04-02,10056392.0,10056392.0,6855685.0,-3977786.0,2877899.0,-1428348.0,-1353832.0,1449551.0,-54861.0,-67861.0,1394690,63216,37989.0,101205,101205,101205,CAGU,2017-12-31
USD,2018,1,2018-05-15,2018-05-15,10056392.0,10056392.0,7096691.0,-4902550.0,2194141.0,-1379401.0,-1314669.0,814740.0,-48151.0,-61783.0,766589,385654,-134316.0,251338,251338,251338,CAGU,2018-03-31
