Currency,Fiscal Year,Fiscal Period,Publish Date,Restated Date,Shares (Basic),Shares (Diluted),Revenue,Cost of Revenue,Gross Profit,Operating Expenses,"Selling, General & Administrative",Operating Income (Loss),Non-Operating Income (Loss),"Interest Expense, Net","Pretax Income (Loss), Adj.",Pretax Income (Loss),"Income Tax (Expense) Benefit, Net",Income (Loss) from Continuing Operations,Net Income,Net Income (Common),Ticker,Report_Date
USD,2018,3,2018-10-29,2019-11-04,114184000.0,114184000.0,74237000.0,-19918000.0,54319000.0,-64735000.0,-35690000.0,-10416000.0,-2563000.0,-3772000.0,-12979000,-12996000,-713000.0,-13709000,-13709000,-13709000,CHGG,2018-09-30
USD,2018,4,2019-02-25,2021-02-22,115178000.0,115178000.0,95676000.0,-22070000.0,73606000.0,-65725000.0,-32230000.0,7881000.0,-2449000.0,-3769000.0,5432000,5095000,252000.0,5347000,5347000,5347000,CHGG,2018-12-31
USD,2019,1,2019-04-29,2019-04-29,116730000.0,116730000.0,97409000.0,-23335000.0,74074000.0,-75079000.0,-42387000.0,-1005000.0,-2665000.0,-4232000.0,-3670000,-3692000,-626000.0,-4318000,-4318000,-4318000,CHGG,2019-03-31
USD,2019,2,2019-07-29,2019-07-29,118790000.0,118790000.0,93862000.0,-20518000.0,73344000.0,-66482000.0,-34417000.0,6862000.0,-8261000.0,-13514000.0,-1399000,-1446000,-583000.0,-2029000,-2029000,-2029000,CHGG,2019-06-30
USD,2019,3,2019-11-04,2019-11-04,120085000.0,120085000.0,94151000.0,-22164000.0,71987000.0,-77016000.0,-40574000.0,-5029000.0,-5797000.0,-13548000.0,-10826000,-10854000,-623000.0,-11477000,-11477000,-11477000,CHGG,2019-09-30
USD,2019,4,2020-02-20,2021-02-22,121211000.0,121211000.0,125504000.0,-26165000.0,99339000.0,-82253000.0,-43680000.0,17086000.0,-8065000.0,-13557000.0,9021000,9021000,-802000.0,8219000,8219000,8219000,CHGG,2019-12-31
USD,2020,1,2020-05-04,2021-05-03,122428000.0,122428000.0,131590000.0,-42390000.0,89200000.0,-85924000.0,-46383000.0,3276000.0,-8467000.0,-13427000.0,-5191000,-5191000,-522000.0,-5713000,-5713000,-5713000,CHGG,2020-03-31
USD,2020,2,2020-08-03,2020-08-03,123842000.0,133851000.0,153009000.0,-43524000.0,109485000.0,-87424000.0,-47050000.0,22061000.0,-10185000.0,-13425000.0,11876000,11876000,-1287000.0,10589000,10589000,10589000,CHGG,2020-06-30
