Currency,Fiscal Year,Fiscal Period,Publish Date,Restated Date,Shares (Basic),Shares (Diluted),Revenue,Cost of Revenue,Gross Profit,Operating Expenses,"Selling, General & Administrative",Operating Income (Loss),Non-Operating Income (Loss),"Interest Expense, Net","Pretax Income (Loss), Adj.",Pretax Income (Loss),"Income Tax (Expense) Benefit, Net",Income (Loss) from Continuing Operations,Net Income,Net Income (Common),Ticker,Report_Date
USD,2018,3,2018-11-07,2018-11-07,38969000.0,38969000.0,37239000.0,-11039000.0,26200000.0,-15311000.0,-11095000.0,10889000.0,-3073000.0,-3073000.0,7816000,2175000,-3229000.0,-1054000,-1054000,-1054000,HMTV,2018-09-30
USD,2018,4,2019-03-12,2019-03-12,38999000.0,38999000.0,46014000.0,-10874000.0,35140000.0,-16259000.0,-11712000.0,18881000.0,-3156000.0,-3156000.0,15725000,8703000,-5781000.0,2922000,2813000,2813000,HMTV,2018-12-31
USD,2019,1,2019-05-08,2019-05-08,39031000.0,39031000.0,35110000.0,-10214000.0,24896000.0,-15199000.0,-10901000.0,9697000.0,-2960000.0,-2960000.0,6737000,823000,-2556000.0,-1733000,-1686000,-1686000,HMTV,2019-03-31
USD,2019,2,2019-08-05,2019-08-05,39164000.0,39164000.0,39147000.0,-11317000.0,27830000.0,-13791000.0,-10813000.0,14039000.0,-3005000.0,-3005000.0,11034000,1295000,-3643000.0,-2348000,-2358000,-2358000,HMTV,2019-06-30
USD,2019,3,2019-11-07,2019-11-07,39209000.0,39209000.0,35846000.0,-10445000.0,25401000.0,-14980000.0,-11869000.0,10421000.0,-3113000.0,-3113000.0,7308000,574000,-3743000.0,-3169000,-3169000,-3169000,HMTV,2019-09-30
USD,2019,4,2020-03-09,2020-03-09,39228000.0,39228000.0,39284000.0,-11162000.0,28122000.0,-14775000.0,-11178000.0,13347000.0,-2875000.0,-2875000.0,10472000,5923000,-2144000.0,3779000,3846000,3846000,HMTV,2019-12-31
USD,2020,1,2020-05-11,2021-05-10,39313000.0,39313000.0,32409000.0,-10967000.0,21442000.0,-17385000.0,-11233000.0,4057000.0,-2786000.0,-2786000.0,1271000,-11218000,1675000.0,-9543000,-9428000,-9428000,HMTV,2020-03-31
USD,2020,2,2020-08-10,2020-08-10,39444000.0,39444000.0,34735000.0,-12560000.0,22175000.0,-13029000.0,-10208000.0,9146000.0,-2496000.0,-2496000.0,6650000,-3721000,-2884000.0,-6605000,-6682000,-6682000,HMTV,2020-06-30
