Currency,Fiscal Year,Fiscal Period,Publish Date,Restated Date,Shares (Basic),Shares (Diluted),Revenue,Cost of Revenue,Gross Profit,Operating Expenses,"Selling, General & Administrative",Operating Income (Loss),Non-Operating Income (Loss),"Interest Expense, Net","Pretax Income (Loss), Adj.",Pretax Income (Loss),"Income Tax (Expense) Benefit, Net",Income (Loss) from Continuing Operations,Net Income,Net Income (Common),Ticker,Report_Date
USD,2019,3,2019-04-24,2019-04-24,69423000.0,70160000.0,147984000.0,-14360000.0,133624000.0,-62793000.0,-42273000.0,70831000.0,4451000.0,4485000.0,75282000,75282000,-13695000.0,61587000,61587000,61587000,AZPN,2019-03-31
USD,2019,4,2019-09-10,2019-09-10,68861000.0,69825000.0,195769000.0,-15490000.0,180279000.0,-69056000.0,-47827000.0,111223000.0,5811000.0,4663000.0,117034000,117034000,-13170000.0,103864000,103864000,103864000,AZPN,2019-06-30
USD,2020,1,2019-10-30,2020-12-22,68441000.0,69317000.0,140177000.0,-15218000.0,124959000.0,-71569000.0,-49076000.0,53390000.0,6108000.0,4976000.0,59498000,59498000,-5984000.0,53514000,53514000,53514000,AZPN,2019-09-30
USD,2020,2,2020-01-29,2021-01-27,68114000.0,68844000.0,126012000.0,-15526000.0,110486000.0,-67547000.0,-44922000.0,42939000.0,4270000.0,5267000.0,47209000,47209000,-7408000.0,39801000,39801000,39801000,AZPN,2019-12-31
USD,2020,3,2020-05-06,2021-04-28,67806000.0,68482000.0,130588000.0,-15705000.0,114883000.0,-70149000.0,-46573000.0,44734000.0,4614000.0,4966000.0,49348000,49348000,-7522000.0,41826000,41826000,41826000,AZPN,2020-03-31
USD,2020,4,2020-12-09,2020-12-22,67639000.0,68265000.0,201940000.0,-15158000.0,186782000.0,-70486000.0,-46950000.0,116296000.0,7006000.0,5587000.0,123302000,123302000,-28772000.0,94530000,94530000,94530000,AZPN,2020-06-30
