Currency,Fiscal Year,Fiscal Period,Publish Date,Restated Date,Shares (Basic),Shares (Diluted),Revenue,Cost of Revenue,Gross Profit,Operating Expenses,"Selling, General & Administrative",Operating Income (Loss),Non-Operating Income (Loss),"Interest Expense, Net","Pretax Income (Loss), Adj.",Pretax Income (Loss),"Income Tax (Expense) Benefit, Net",Income (Loss) from Continuing Operations,Net Income,Net Income (Common),Ticker,Report_Date
USD,2019,1,2018-11-07,2018-11-07,750800000.0,750800000.0,2031300000.0,-809100000.0,1222200000.0,-1214800000.0,-1122300000.0,7400000.0,-66800000.0,-64100000.0,-59400000,-87500000,77400000.0,-10100000,-12100000,-12100000,COTY,2018-09-30
USD,2019,2,2019-02-08,2019-02-08,751100000.0,751100000.0,2511200000.0,-956700000.0,1554500000.0,-1372500000.0,-1284000000.0,182000000.0,-73100000.0,-68300000.0,108900000,-877700000,-78300000.0,-956000000,-960600000,-960600000,COTY,2018-12-31
USD,2019,3,2019-05-08,2019-05-08,751400000.0,751400000.0,1990600000.0,-741200000.0,1249400000.0,-1157200000.0,-1070500000.0,92200000.0,-89500000.0,-72000000.0,2700000,-4000000,0.0,-4000000,-12100000,-12100000,COTY,2019-03-31
USD,2019,4,2019-08-28,2019-08-28,751500000.0,751500000.0,2115400000.0,-799500000.0,1315900000.0,-1172900000.0,-1087100000.0,143000000.0,-77200000.0,-71300000.0,65800000,-2808900000,9400000.0,-2799500000,-2799400000,-2799400000,COTY,2019-06-30
USD,2020,1,2019-11-06,2019-11-06,754200000.0,758900000.0,1942800000.0,-738400000.0,1204400000.0,-1156900000.0,-1072600000.0,47500000.0,-79600000.0,-77400000.0,-32100000,46400000,9900000.0,56300000,52300000,52300000,COTY,2019-09-30
USD,2020,2,2020-02-05,2021-02-09,758100000.0,758100000.0,1683700000.0,-632300000.0,1051400000.0,-967200000.0,-916400000.0,84200000.0,-59800000.0,-58400000.0,24400000,-140299999,39000000.0,-101299999,-21099999,-21099999,COTY,2019-12-31
USD,2020,3,2020-05-11,2021-05-10,760800000.0,760800000.0,1062500000.0,-460800000.0,601700000.0,-819500000.0,-757900000.0,-217800000.0,-64100000.0,-63800000.0,-281900000,-363600000,59800000.0,-303800000,-271600000,-271600000,COTY,2020-03-31
USD,2020,4,2020-08-27,2021-02-09,763300000.0,758600000.0,28800000.0,-159700000.0,-130900000.0,-409500000.0,-373100000.0,-540400000.0,-27600000.0,-43100000.0,-568000000,-1010100001,269000000.0,-741100001,-766300001,-772800001,COTY,2020-06-30
