Currency,Fiscal Year,Fiscal Period,Publish Date,Restated Date,Shares (Basic),Shares (Diluted),Revenue,Cost of Revenue,Gross Profit,Operating Expenses,"Selling, General & Administrative",Operating Income (Loss),Non-Operating Income (Loss),"Interest Expense, Net","Pretax Income (Loss), Adj.",Pretax Income (Loss),"Income Tax (Expense) Benefit, Net",Income (Loss) from Continuing Operations,Net Income,Net Income (Common),Ticker,Report_Date
USD,2015,2,2015-07-23,2016-07-28,202700000.0,203100000.0,1032400000.0,-356400000.0,676000000.0,-446800000.0,-420400000.0,229200000.0,-13900000.0,-13900000.0,215300000,215300000,-52700000.0,162600000,162900000,162900000,MJN,2015-06-30
USD,2015,3,2015-10-22,2016-10-27,201400000.0,201700000.0,977500000.0,-346800000.0,630700000.0,-404700000.0,-372200000.0,226000000.0,-14800000.0,-14800000.0,211200000,211200000,-56600000.0,154600000,155200000,155200000,MJN,2015-09-30
USD,2015,4,2016-02-17,2017-02-27,189500000.0,189900000.0,967000000.0,-358600000.0,608400000.0,-412600000.0,-362200000.0,195800000.0,-22500000.0,-22500000.0,173300000,173300000,-42300000.0,131000000,128000000,128000000,MJN,2015-12-31
USD,2016,1,2016-04-28,2016-04-28,186600000.0,186700000.0,962100000.0,-347600000.0,614500000.0,-464400000.0,-350700000.0,150100000.0,-26200000.0,-26200000.0,123900000,123900000,-47200000.0,76700000,72700000,72700000,MJN,2016-03-31
USD,2016,2,2016-07-28,2016-07-28,186700000.0,187000000.0,941500000.0,-333200000.0,608300000.0,-393900000.0,-372700000.0,214400000.0,-26400000.0,-26400000.0,188000000,188000000,-32200000.0,155800000,155100000,155100000,MJN,2016-06-30
USD,2016,3,2016-10-27,2016-10-27,184700000.0,185000000.0,937500000.0,-333700000.0,603800000.0,-375600000.0,-352300000.0,228200000.0,-26300000.0,-26300000.0,201900000,201900000,-53300000.0,148600000,149300000,149300000,MJN,2016-09-30
USD,2016,4,2017-03-13,2017-03-13,184000000.0,184500000.0,901600000.0,-326500000.0,575100000.0,-349100000.0,-317800000.0,226000000.0,-26500000.0,-26500000.0,199500000,199500000,-31300000.0,168200000,167800000,167800000,MJN,2016-12-31
