Currency,Fiscal Year,Fiscal Period,Publish Date,Restated Date,Shares (Basic),Shares (Diluted),Revenue,Cost of Revenue,Gross Profit,Operating Expenses,"Selling, General & Administrative",Operating Income (Loss),Non-Operating Income (Loss),"Interest Expense, Net","Pretax Income (Loss), Adj.",Pretax Income (Loss),"Income Tax (Expense) Benefit, Net",Income (Loss) from Continuing Operations,Net Income,Net Income (Common),Ticker,Report_Date
USD,2018,3,2018-10-31,2019-10-31,59919246.0,59919246.0,380419000.0,-220771000.0,159648000.0,-146374000.0,-121280000.0,13274000.0,-8682000.0,-9115000.0,4592000,-6112000,239000.0,-5873000,-6105000,-6105000,GCI,2018-09-30
USD,2018,4,2019-02-28,2021-02-26,59922955.0,61022104.0,416038000.0,-230299000.0,185739000.0,-156210000.0,-135695000.0,29529000.0,-10058000.0,-9606000.0,19471000,12260000,679000.0,12939000,13260000,13260000,GCI,2018-12-31
USD,2019,1,2019-05-02,2020-05-07,59965036.0,59965036.0,387599000.0,-229495000.0,158104000.0,-149973000.0,-129050000.0,8131000.0,-9874000.0,-10134000.0,-1743000,-11309000,1954000.0,-9355000,-9106000,-9106000,GCI,2019-03-31
USD,2019,2,2019-08-07,2020-08-06,60030748.0,60030748.0,404387000.0,-233407000.0,170980000.0,-149956000.0,-126628000.0,21024000.0,-9901000.0,-10212000.0,11123000,2272000,343000.0,2615000,2815000,2815000,GCI,2019-06-30
USD,2019,3,2019-10-31,2020-11-03,60033999.0,60033999.0,376649000.0,-218369000.0,158280000.0,-144303000.0,-119821000.0,13977000.0,-9800000.0,-10030000.0,4177000,-11742000,-7226000.0,-18968000,-18463000,-18463000,GCI,2019-09-30
USD,2019,4,2020-03-02,2021-02-26,90655809.0,90655809.0,699274000.0,-398322000.0,300952000.0,-269756000.0,-226607000.0,31196000.0,-24574000.0,-33284000.0,6622000,-186405000,90923000.0,-95482000,-95088000,-95088000,GCI,2019-12-31
USD,2020,1,2020-05-07,2021-05-07,130568000.0,130568000.0,948682000.0,-566463000.0,382219000.0,-383130000.0,-299137000.0,-911000.0,-41000000.0,-57899000.0,-41911000,-71627000,-8979000.0,-80606000,-80152000,-80152000,GCI,2020-03-31
USD,2020,2,2020-08-06,2020-08-06,131471000.0,131471000.0,767000000.0,-476735000.0,290265000.0,-292811000.0,-226484000.0,-2546000.0,-34114000.0,-57928000.0,-36660000,-472107000,34276000.0,-437831000,-436893000,-436893000,GCI,2020-06-30
