Currency,Fiscal Year,Fiscal Period,Publish Date,Restated Date,Shares (Basic),Shares (Diluted),Revenue,Cost of Revenue,Gross Profit,Operating Expenses,"Selling, General & Administrative",Operating Income (Loss),Non-Operating Income (Loss),"Interest Expense, Net","Pretax Income (Loss), Adj.",Pretax Income (Loss),"Income Tax (Expense) Benefit, Net",Income (Loss) from Continuing Operations,Net Income,Net Income (Common),Ticker,Report_Date
USD,2018,4,2019-03-01,2019-03-01,104110000.0,104110000.0,72592000.0,-3195000.0,69397000.0,-80108000.0,-65502000.0,-10711000.0,-117000.0,-117000.0,-10828000,-10828000,1041000.0,-9787000,-6393000,-6393000,TRUE,2018-12-31
USD,2019,1,2019-05-10,2019-05-10,104788000.0,104788000.0,85582000.0,-8936000.0,76646000.0,-91911000.0,-69842000.0,-15265000.0,1001000.0,1001000.0,-14264000,-14264000,-101000.0,-14365000,-14365000,-14365000,TRUE,2019-03-31
USD,2019,2,2019-08-09,2019-08-09,105485000.0,105485000.0,88075000.0,-8332000.0,79743000.0,-104427000.0,-81615000.0,-24684000.0,966000.0,966000.0,-23718000,-23991000,-69000.0,-24060000,-24060000,-24060000,TRUE,2019-06-30
USD,2019,3,2019-11-07,2019-11-07,106239000.0,106239000.0,90555000.0,-8391000.0,82164000.0,-90151000.0,-70979000.0,-7987000.0,855000.0,855000.0,-7132000,-7596000,-56000.0,-7652000,-7652000,-7652000,TRUE,2019-09-30
USD,2019,4,2020-02-28,2020-02-28,106708000.0,106708000.0,70834000.0,-2169000.0,68665000.0,-81585000.0,-68859000.0,-12920000.0,-342000.0,-342000.0,-13262000,-13805000,1547000.0,-12258000,-8813000,-8813000,TRUE,2019-12-31
USD,2020,1,2020-05-11,2021-05-06,107024000.0,107024000.0,73168041.66666667,-6175000.0,-6175000.0,-29016000.0,-12088000.0,-35191000.0,-45702000.0,-45702000.0,-80893000,-10622000,232000.0,-10390000,-10669000,-10669000,TRUE,2020-03-31
USD,2020,2,2020-08-07,2020-08-07,107535000.0,107535000.0,62685000.0,-6859000.0,55826000.0,-66524000.0,-46996000.0,-10698000.0,72000.0,72000.0,-10626000,-11133000,-109000.0,-11242000,-11242000,-11242000,TRUE,2020-06-30
