Currency,Fiscal Year,Fiscal Period,Publish Date,Restated Date,Shares (Basic),Shares (Diluted),Revenue,Cost of Revenue,Gross Profit,Operating Expenses,"Selling, General & Administrative",Operating Income (Loss),Non-Operating Income (Loss),"Interest Expense, Net","Pretax Income (Loss), Adj.",Pretax Income (Loss),"Income Tax (Expense) Benefit, Net",Income (Loss) from Continuing Operations,Net Income,Net Income (Common),Ticker,Report_Date
USD,2018,3,2018-10-30,2018-10-30,10109791.0,10342559.0,77062137.0,-55689112.0,21373025.0,-14281698.0,-13034161.0,7091327.0,-661683.0,-661683.0,6429644,6429644,-1368258.0,5061386,5061386,5061386,BGSF,2018-09-30
USD,2018,4,2019-03-12,2019-03-12,10203556.0,10264200.0,71999881.0,-53279924.0,18719957.0,-15939382.0,-14696319.0,2780575.0,-575829.0,-575829.0,2204746,5980053,-1127353.0,4852700,4852700,4852700,BGSF,2018-12-31
USD,2019,1,2019-05-09,2019-05-09,10229462.0,10404355.0,68776067.0,-50337427.0,18438640.0,-14851932.0,-13620423.0,3586708.0,-353237.0,-353237.0,3233471,3233471,-737447.0,2496024,2496024,2496024,BGSF,2019-03-31
USD,2019,2,2019-08-07,2019-08-07,10232588.0,10362038.0,73857890.0,-52995056.0,20862834.0,-15442076.0,-14237839.0,5420758.0,-496109.0,-496109.0,4924649,4924649,-1122820.0,3801829,3801829,3801829,BGSF,2019-06-30
USD,2019,3,2019-11-05,2019-11-05,10239126.0,10343673.0,79364306.0,-57187684.0,22176622.0,-15699510.0,-14502757.0,6477112.0,-395448.0,-395448.0,6081664,5540959,-1333789.0,4207170,4207170,4207170,BGSF,2019-09-30
USD,2019,4,2020-03-12,2020-03-12,10253084.0,10293034.0,72315285.0,-53112116.0,19203169.0,-15026259.0,-13838502.0,4176910.0,-324021.0,-324021.0,3852889,3852889,-1110922.0,2741967,2741967,2741967,BGSF,2019-12-31
USD,2020,1,2020-05-07,2021-05-06,10308445.0,10382999.0,74067429.0,-53791698.0,20275731.0,-17618337.0,-16203624.0,2657394.0,-456025.0,-456025.0,2201369,2201369,-702509.0,1498860,1498860,1498860,BGSF,2020-03-31
USD,2020,2,2020-08-07,2020-08-07,10306986.0,10306986.0,62606334.0,-45701191.0,16905143.0,-15750392.0,-14306441.0,1154751.0,-429660.0,-429660.0,725091,-6514423,1685160.0,-4829263,-4829263,-4829263,BGSF,2020-06-30
