Currency,Fiscal Year,Fiscal Period,Publish Date,Restated Date,Shares (Basic),Shares (Diluted),Revenue,Cost of Revenue,Gross Profit,Operating Expenses,"Selling, General & Administrative",Operating Income (Loss),Non-Operating Income (Loss),"Interest Expense, Net","Pretax Income (Loss), Adj.",Pretax Income (Loss),"Income Tax (Expense) Benefit, Net",Income (Loss) from Continuing Operations,Net Income,Net Income (Common),Ticker,Report_Date
USD,2016,4,2017-06-12,2018-06-29,11711000.0,11711000.0,7535000.0,-3561000.0,3974000.0,-5294000.0,-4575000.0,-1320000.0,-475000.0,51000.0,-1795000,-1795000,85000.0,-1710000,-1710000,-1710000,DTRM,2017-03-31
USD,2017,1,2017-08-11,2017-08-11,12249000.0,12249000.0,6988000.0,-3303000.0,3685000.0,-5634000.0,-4568000.0,-1949000.0,-178000.0,51000.0,-2127000,-2127000,17000.0,-2110000,-2110000,-2110000,DTRM,2017-06-30
USD,2017,2,2017-11-09,2018-11-14,14784000.0,14784000.0,6888000.0,-3456000.0,3432000.0,-5507000.0,-4499000.0,-2075000.0,-568000.0,51000.0,-2643000,-2643000,-28000.0,-2671000,-2671000,-2671000,DTRM,2017-09-30
USD,2017,3,2018-02-09,2018-02-09,14953000.0,14953000.0,7467000.0,-3307000.0,4160000.0,-6008000.0,-4719000.0,-1848000.0,-534000.0,51000.0,-2382000,-2382000,36000.0,-2346000,-2346000,-2346000,DTRM,2017-12-31
USD,2017,4,2018-07-30,2018-11-14,15646000.0,15646000.0,6776000.0,-3432000.0,3344000.0,-6212000.0,-5116000.0,-2868000.0,-483000.0,51000.0,-3351000,-3351000,530000.0,-2821000,-2821000,-2821000,DTRM,2018-03-31
USD,2018,1,2018-08-14,2018-08-14,15077000.0,15077000.0,6040000.0,-3413000.0,2627000.0,-6272000.0,-5096000.0,-3645000.0,-336000.0,51000.0,-3981000,-3981000,-88000.0,-4069000,-4069000,-4069000,DTRM,2018-06-30
USD,2018,2,2018-11-14,2018-11-14,15101000.0,15101000.0,5734000.0,-2975000.0,2759000.0,-5911000.0,-4716000.0,-3152000.0,-419000.0,51000.0,-3571000,-3571000,-12000.0,-3583000,-3583000,-3583000,DTRM,2018-09-30
USD,2018,3,2019-02-19,2019-02-19,15122000.0,15122000.0,5942000.0,-3012000.0,2930000.0,-5592000.0,-4505000.0,-2662000.0,-318000.0,51000.0,-2980000,-2980000,-19000.0,-2999000,-2999000,-2999000,DTRM,2018-12-31
