Currency,Fiscal Year,Fiscal Period,Publish Date,Restated Date,Shares (Basic),Shares (Diluted),Revenue,Cost of Revenue,Gross Profit,Operating Expenses,"Selling, General & Administrative",Operating Income (Loss),Non-Operating Income (Loss),"Interest Expense, Net","Pretax Income (Loss), Adj.",Pretax Income (Loss),"Income Tax (Expense) Benefit, Net",Income (Loss) from Continuing Operations,Net Income,Net Income (Common),Ticker,Report_Date
USD,2019,2,2019-07-31,2019-07-31,41099329.0,42687841.0,752400000.0,-494400000.0,258000000.0,-165300000.0,-166700000.0,92700000.0,-8700000.0,-8700000.0,84000000,84000000,-19300000.0,64700000,64700000,64700000,SITE,2019-06-30
USD,2019,3,2019-10-30,2019-10-30,41311831.0,42838975.0,652800000.0,-437600000.0,215200000.0,-162700000.0,-165000000.0,52500000.0,-8200000.0,-8200000.0,44300000,44300000,-9700000.0,34600000,34600000,34600000,SITE,2019-09-30
USD,2019,4,2020-02-26,2020-02-26,41499988.0,44510352.0,535000000.0,-365000000.0,170000000.0,-165600000.0,-166800000.0,4400000.0,-7500000.0,-7500000.0,-3100000,-3100000,5600000.0,2500000,2500000,2500000,SITE,2019-12-31
USD,2020,1,2020-04-29,2021-05-05,41766317.0,41766317.0,459800000.0,-317000000.0,142800000.0,-167100000.0,-167100000.0,-24300000.0,-6700000.0,-7700000.0,-31000000,-31000000,13500000.0,-17500000,-17500000,-17500000,SITE,2020-03-31
USD,2020,2,2020-07-29,2020-07-29,41950914.0,43114035.0,817700000.0,-531600000.0,286100000.0,-173800000.0,-175000000.0,112300000.0,-7600000.0,-7600000.0,104700000,104700000,-25600000.0,79100000,79100000,79100000,SITE,2020-06-30
