Currency,Fiscal Year,Fiscal Period,Publish Date,Restated Date,Shares (Basic),Shares (Diluted),Revenue,Cost of Revenue,Gross Profit,Operating Expenses,"Selling, General & Administrative",Operating Income (Loss),Non-Operating Income (Loss),"Interest Expense, Net","Pretax Income (Loss), Adj.",Pretax Income (Loss),"Income Tax (Expense) Benefit, Net",Income (Loss) from Continuing Operations,Net Income,Net Income (Common),Ticker,Report_Date
USD,2018,4,2019-02-28,2019-02-28,189398120.0,189398120.0,32644000.0,-4344000.0,28300000.0,-97183000.0,-38765000.0,-68883000.0,-7590000.0,-5549000.0,-76473000,-77073000,-1010000.0,-78083000,-78083000,-78083000,FOLD,2018-12-31
USD,2019,1,2019-05-09,2019-05-09,213519287.0,213519287.0,34046000.0,-4055000.0,29991000.0,-109887000.0,-44303000.0,-79896000.0,-2729000.0,-3815000.0,-82625000,-120131000,-168000.0,-120299000,-120299000,-120299000,FOLD,2019-03-31
USD,2019,2,2019-08-08,2019-08-08,238089824.0,238089824.0,44130000.0,-5367000.0,38763000.0,-114713000.0,-42578000.0,-75950000.0,-2903000.0,-2026000.0,-78853000,-83834000,-717000.0,-84551000,-84551000,-84551000,FOLD,2019-06-30
USD,2019,3,2019-11-12,2019-11-12,254674422.0,254674422.0,48768000.0,-5596000.0,43172000.0,-99688000.0,-39680000.0,-56516000.0,-4755000.0,-1274000.0,-61271000,-62060000,251000.0,-61809000,-61809000,-61809000,FOLD,2019-09-30
USD,2019,4,2020-03-02,2020-03-02,255400471.0,255400471.0,55293000.0,-6945000.0,48348000.0,-136726000.0,-43300000.0,-88378000.0,-862000.0,-1508000.0,-89240000,-89885000,156000.0,-89729000,-89729000,-89729000,FOLD,2019-12-31
USD,2020,1,2020-05-07,2021-05-10,256968248.0,256968248.0,60525000.0,-6552000.0,53973000.0,-131099000.0,-40215000.0,-77126000.0,-10530000.0,-2214000.0,-87656000,-88587000,-361000.0,-88948000,-88948000,-88948000,FOLD,2020-03-31
USD,2020,2,2020-08-10,2020-08-10,257973329.0,257973329.0,62353000.0,-6676000.0,55677000.0,-106307000.0,-34657000.0,-50630000.0,2556000.0,-2770000.0,-48074000,-48789000,-3703000.0,-52492000,-52492000,-52492000,FOLD,2020-06-30
