Currency,Fiscal Year,Fiscal Period,Publish Date,Restated Date,Shares (Basic),Shares (Diluted),Revenue,Cost of Revenue,Gross Profit,Operating Expenses,"Selling, General & Administrative",Operating Income (Loss),Non-Operating Income (Loss),"Interest Expense, Net","Pretax Income (Loss), Adj.",Pretax Income (Loss),"Income Tax (Expense) Benefit, Net",Income (Loss) from Continuing Operations,Net Income,Net Income (Common),Ticker,Report_Date
USD,2017,3,2017-11-01,2018-10-31,200881447.0,201460915.0,103593000.0,-5154000.0,98439000.0,-52307000.0,-8484000.0,46132000.0,99000.0,16000.0,46231000,43848000,0.0,43848000,43848000,43848000,SYRG,2017-05-31
USD,2017,4,2018-02-21,2019-02-20,222249623.0,222979866.0,140097000.0,-8578000.0,131519000.0,-62842000.0,-8676000.0,68677000.0,-11408000.0,-11526000.0,57269000,50719000,99000.0,50818000,50818000,50818000,SYRG,2017-08-31
USD,2018,1,2018-05-02,2019-05-01,241751915.0,243166897.0,147233000.0,-9751000.0,137482000.0,-60124000.0,-9600000.0,77358000.0,30000.0,9000.0,77388000,71607000,-5811000.0,65796000,65796000,65796000,SYRG,2017-11-30
USD,2018,2,2018-08-01,2018-08-01,242255724.0,244464776.0,147087000.0,-13492000.0,133595000.0,-66341000.0,-9406000.0,67254000.0,11000.0,5000.0,67265000,52971000,-3347000.0,49624000,49624000,49624000,SYRG,2018-02-28
USD,2018,3,2018-10-31,2018-10-31,242536781.0,243560046.0,160978000.0,-12354000.0,148624000.0,-68697000.0,-10685000.0,79927000.0,148000.0,23000.0,80075000,71546000,-8918000.0,62628000,62628000,62628000,SYRG,2018-05-31
USD,2018,4,2019-02-20,2019-02-20,242691152.0,240892289.0,190343000.0,-16829000.0,173514000.0,-83059000.0,-8927000.0,90455000.0,104000.0,62000.0,90559000,101865000,-19891000.0,81974000,81974000,81974000,SYRG,2018-08-31
USD,2019,1,2019-05-01,2019-05-01,243290734.0,244091516.0,189455000.0,-21414000.0,168041000.0,-77473000.0,-9469000.0,90568000.0,130000.0,69000.0,90698000,67785000,-18034000.0,49751000,49751000,49751000,SYRG,2018-11-30
USD,2019,2,2019-07-31,2019-07-31,243404917.0,244130245.0,162602000.0,-17894000.0,144708000.0,-80455000.0,-9243000.0,64253000.0,167000.0,92000.0,64420000,72705000,-18237000.0,54468000,54468000,54468000,SYRG,2019-02-28
USD,2019,3,2019-11-06,2019-11-06,243479734.0,244547642.0,134094000.0,-17398000.0,116696000.0,-84915000.0,-16671000.0,31781000.0,131000.0,76000.0,31912000,42836000,-13041000.0,29795000,29795000,29795000,SYRG,2019-05-31
