Currency,Fiscal Year,Fiscal Period,Publish Date,Restated Date,Shares (Basic),Shares (Diluted),Revenue,Cost of Revenue,Gross Profit,Operating Expenses,"Selling, General & Administrative",Operating Income (Loss),Non-Operating Income (Loss),"Interest Expense, Net","Pretax Income (Loss), Adj.",Pretax Income (Loss),"Income Tax (Expense) Benefit, Net",Income (Loss) from Continuing Operations,Net Income,Net Income (Common),Ticker,Report_Date
USD,2018,3,2018-10-24,2018-10-24,297000000.0,300000000.0,2253000000.0,-331000000.0,1922000000.0,-1527000000.0,-109000000.0,395000000.0,-102000000.0,-99000000.0,293000000,293000000,-129000000.0,164000000,162000000,162000000,HLT,2018-09-30
USD,2018,4,2019-02-13,2021-02-17,294000000.0,298000000.0,2288000000.0,-329000000.0,1959000000.0,-1582000000.0,-115000000.0,377000000.0,-111000000.0,-94000000.0,266000000,266000000,-41000000.0,225000000,224000000,224000000,HLT,2018-12-31
USD,2019,1,2019-05-01,2019-05-01,293000000.0,295000000.0,2204000000.0,-298000000.0,1906000000.0,-1574000000.0,-107000000.0,332000000.0,-114000000.0,-98000000.0,218000000,218000000,-59000000.0,159000000,158000000,158000000,HLT,2019-03-31
USD,2019,2,2019-07-24,2019-07-24,290000000.0,292000000.0,2484000000.0,-334000000.0,2150000000.0,-1657000000.0,-113000000.0,493000000.0,-131000000.0,-101000000.0,362000000,362000000,-101000000.0,261000000,260000000,260000000,HLT,2019-06-30
USD,2019,3,2019-10-23,2019-10-23,285000000.0,288000000.0,2395000000.0,-310000000.0,2085000000.0,-1636000000.0,-107000000.0,449000000.0,-109000000.0,-105000000.0,340000000,421000000,-131000000.0,290000000,288000000,288000000,HLT,2019-09-30
USD,2019,4,2020-02-11,2020-02-11,280000000.0,285000000.0,2369000000.0,-312000000.0,2057000000.0,-1683000000.0,-114000000.0,374000000.0,-131000000.0,-110000000.0,243000000,243000000,-67000000.0,176000000,175000000,175000000,HLT,2019-12-31
USD,2020,1,2020-05-07,2021-05-05,277000000.0,280000000.0,1920000000.0,-239000000.0,1681000000.0,-1501000000.0,-60000000.0,180000000.0,-85000000.0,-94000000.0,95000000,-17000000,35000000.0,18000000,18000000,18000000,HLT,2020-03-31
USD,2020,2,2020-08-06,2020-08-06,277000000.0,278000000.0,564000000.0,-95000000.0,469000000.0,-728000000.0,-63000000.0,-259000000.0,-132000000.0,-106000000.0,-391000000,-444000000,12000000.0,-432000000,-430000000,-430000000,HLT,2020-06-30
