Currency,Fiscal Year,Fiscal Period,Publish Date,Restated Date,Shares (Basic),Shares (Diluted),Revenue,Cost of Revenue,Gross Profit,Operating Expenses,"Selling, General & Administrative",Operating Income (Loss),Non-Operating Income (Loss),"Interest Expense, Net","Pretax Income (Loss), Adj.",Pretax Income (Loss),"Income Tax (Expense) Benefit, Net",Income (Loss) from Continuing Operations,Net Income,Net Income (Common),Ticker,Report_Date
USD,2018,3,2018-11-09,2018-11-09,94066000.0,94066000.0,103591000.0,-57073000.0,46518000.0,-47330000.0,-35356000.0,-812000.0,-2106000.0,-3373000.0,-2918000,-7610000,-195000.0,-7805000,-7805000,-7805000,QUOT,2018-09-30
USD,2018,4,2019-02-27,2019-02-27,94284000.0,94284000.0,107056000.0,-60935000.0,46121000.0,-47406000.0,-37255000.0,-1285000.0,-2078000.0,-3404000.0,-3363000,-4511000,15000.0,-4496000,-4496000,-4496000,QUOT,2018-12-31
USD,2019,1,2019-05-10,2019-05-10,94263000.0,94263000.0,98107000.0,-56823000.0,41284000.0,-49516000.0,-39146000.0,-8232000.0,-1908000.0,-3439000.0,-10140000,-13202000,-26000.0,-13228000,-13228000,-13228000,QUOT,2019-03-31
USD,2019,2,2019-08-09,2019-08-09,92558000.0,92558000.0,104691000.0,-64106000.0,40585000.0,-45404000.0,-36705000.0,-4819000.0,-1962000.0,-3470000.0,-6781000,-3772000,-134000.0,-3906000,-3906000,-3906000,QUOT,2019-06-30
USD,2019,3,2019-11-08,2019-11-08,88789000.0,88789000.0,114830000.0,-70458000.0,44372000.0,-51189000.0,-41953000.0,-6817000.0,-2332000.0,-3507000.0,-9149000,-10148000,-215000.0,-10363000,-10363000,-10363000,QUOT,2019-09-30
USD,2019,4,2020-03-02,2020-03-02,89042000.0,89042000.0,118532000.0,-72219000.0,46313000.0,-52539000.0,-41768000.0,-6226000.0,-2530000.0,-3539000.0,-8756000,-9275000,-285000.0,-9560000,-9560000,-9560000,QUOT,2019-12-31
USD,2020,1,2020-05-06,2021-05-10,89638000.0,89638000.0,98787000.0,-61111000.0,37676000.0,-50717000.0,-40124000.0,-13041000.0,-2994000.0,-3574000.0,-16035000,-16495000,-230000.0,-16725000,-16725000,-16725000,QUOT,2020-03-31
USD,2020,2,2020-08-05,2020-08-05,90112000.0,90112000.0,83455000.0,-50731000.0,32724000.0,-44703000.0,-36082000.0,-11979000.0,-3423000.0,-3610000.0,-15402000,-19168000,35000.0,-19133000,-19133000,-19133000,QUOT,2020-06-30
