Currency,Fiscal Year,Fiscal Period,Publish Date,Restated Date,Shares (Basic),Shares (Diluted),Revenue,Cost of Revenue,Gross Profit,Operating Expenses,"Selling, General & Administrative",Operating Income (Loss),Non-Operating Income (Loss),"Interest Expense, Net","Pretax Income (Loss), Adj.",Pretax Income (Loss),"Income Tax (Expense) Benefit, Net",Income (Loss) from Continuing Operations,Net Income,Net Income (Common),Ticker,Report_Date
USD,2017,1,2016-09-08,2017-09-07,82214000.0,82214000.0,50093000.0,-18756000.0,31337000.0,-34945000.0,-23563000.0,-3608000.0,-859000.0,-347000.0,-4467000,-4970000,-135000.0,-5105000,-5105000,-5105000,BV_old,2016-07-31
USD,2017,2,2016-12-02,2017-11-28,82930000.0,82930000.0,50408000.0,-18855000.0,31553000.0,-34139000.0,-23870000.0,-2586000.0,-569000.0,-306000.0,-3155000,-4042000,-92000.0,-4134000,-4134000,-4134000,BV_old,2016-10-31
USD,2017,3,2017-03-01,2017-03-01,83348000.0,83348000.0,50525000.0,-19196000.0,31329000.0,-33518000.0,-23621000.0,-2189000.0,-332000.0,-300000.0,-2521000,-2605000,-123000.0,-2728000,-2728000,-2728000,BV_old,2017-01-31
USD,2017,4,2017-08-28,2017-08-28,83712000.0,83712000.0,50209000.0,-19596000.0,30613000.0,-32581000.0,-26146000.0,-1968000.0,-499000.0,-273000.0,-2467000,-3771000,-203000.0,-3974000,-3974000,-3974000,BV_old,2017-04-30
USD,2018,1,2017-09-07,2017-09-07,84663000.0,84663000.0,52158000.0,-19765000.0,32393000.0,-34001000.0,-23189000.0,-1608000.0,-283000.0,-308000.0,-1891000,-2192000,-124000.0,-2316000,-2316000,-2316000,BV_old,2017-07-31
USD,2018,2,2017-11-28,2017-11-28,85630000.0,85630000.0,53409000.0,-19565000.0,33844000.0,-32623000.0,-22258000.0,1221000.0,-562000.0,-196000.0,659000,165000,-220000.0,-55000,-55000,-55000,BV_old,2017-10-31
