Currency,Fiscal Year,Fiscal Period,Publish Date,Restated Date,Shares (Basic),Shares (Diluted),Revenue,Cost of Revenue,Gross Profit,Operating Expenses,"Selling, General & Administrative",Operating Income (Loss),Non-Operating Income (Loss),"Interest Expense, Net","Pretax Income (Loss), Adj.",Pretax Income (Loss),"Income Tax (Expense) Benefit, Net",Income (Loss) from Continuing Operations,Net Income,Net Income (Common),Ticker,Report_Date
USD,2018,2,2018-08-31,2018-08-31,177348000.0,178215000.0,1053267000.0,-679938000.0,373329000.0,-299056000.0,-300981000.0,74273000.0,-36269000.0,-37101000.0,38004000,36169000,-8681000.0,27488000,27488000,27488000,MIK,2018-07-31
USD,2018,3,2018-12-07,2018-12-07,165975000.0,166570000.0,1274058000.0,-795104000.0,478954000.0,-341789000.0,-340593000.0,137165000.0,-37677000.0,-37798000.0,99488000,99488000,-15719000.0,83769000,83769000,83769000,MIK,2018-10-31
USD,2018,4,2019-03-19,2019-03-19,157594000.0,158075000.0,1789108000.0,-1074286000.0,714822000.0,-441591000.0,-381210000.0,273231000.0,-37876000.0,-37592000.0,235355000,235355000,-53952000.0,181403000,181403000,181403000,MIK,2019-01-31
USD,2019,1,2019-06-07,2019-06-07,157749000.0,157861000.0,1093720000.0,-676080000.0,417640000.0,-324910000.0,-320597000.0,92730000.0,-40464000.0,-37359000.0,52266000,52266000,-14575000.0,37691000,37691000,37691000,MIK,2019-04-30
USD,2019,2,2019-09-04,2019-09-04,157272000.0,157273000.0,1033689000.0,-666703000.0,366986000.0,-295686000.0,-290074000.0,71300000.0,-39882000.0,-40134000.0,31418000,30263000,-5716000.0,24547000,24547000,24547000,MIK,2019-07-31
USD,2019,3,2019-12-06,2020-12-04,150877000.0,150925000.0,1222021000.0,-780387000.0,441634000.0,-365585000.0,-322807000.0,76049000.0,-38859000.0,-38781000.0,37190000,37029000,-8324000.0,28705000,28705000,28705000,MIK,2019-10-31
USD,2019,4,2020-03-17,2020-03-17,146638000.0,146749000.0,1722607000.0,-1076610000.0,645997000.0,-371039000.0,-370802000.0,274958000.0,-36145000.0,-37816000.0,238813000,238813000,-57161000.0,181652000,181652000,181652000,MIK,2020-01-31
USD,2020,1,2020-06-05,2020-06-05,146865000.0,146865000.0,799888000.0,-578066000.0,221822000.0,-282500000.0,-281341000.0,-60678000.0,-35200000.0,-38122000.0,-95878000,-95878000,32373000.0,-63505000,-63505000,-63505000,MIK,2020-04-30
