Currency,Fiscal Year,Fiscal Period,Publish Date,Restated Date,Shares (Basic),Shares (Diluted),Revenue,Cost of Revenue,Gross Profit,Operating Expenses,"Selling, General & Administrative",Operating Income (Loss),Non-Operating Income (Loss),"Interest Expense, Net","Pretax Income (Loss), Adj.",Pretax Income (Loss),"Income Tax (Expense) Benefit, Net",Income (Loss) from Continuing Operations,Net Income,Net Income (Common),Ticker,Report_Date
USD,2015,3,2015-11-16,2016-11-14,8870000.0,8898000.0,121950000.0,-116603000.0,5347000.0,-3094000.0,-3094000.0,2253000.0,-1419000.0,-1419000.0,834000,610000,-295000.0,315000,315000,315000,ERS,2015-09-30
USD,2015,4,2016-04-29,2017-03-31,8136000.0,14054000.0,97047000.0,-92393000.0,4654000.0,-3887000.0,-3887000.0,767000.0,-1335000.0,-1335000.0,-568000,-204000,239000.0,35000,35000,35000,ERS,2015-12-31
USD,2016,1,2016-05-16,2016-05-16,8510000.0,11460000.0,122125000.0,-116872000.0,5253000.0,-2954000.0,-2954000.0,2299000.0,-1274000.0,-1274000.0,1025000,1725000,-576000.0,1149000,1149000,1149000,ERS,2016-03-31
USD,2016,2,2016-08-15,2016-08-15,8525000.0,10513000.0,122511000.0,-116576000.0,5935000.0,-3629000.0,-3629000.0,2306000.0,-1068000.0,-1068000.0,1238000,1480000,-518000.0,962000,962000,962000,ERS,2016-06-30
USD,2016,3,2016-11-14,2016-11-14,8504000.0,8536000.0,113599000.0,-108088000.0,5511000.0,-3335000.0,-3335000.0,2176000.0,-786000.0,-786000.0,1390000,1390000,-502000.0,888000,888000,888000,ERS,2016-09-30
USD,2016,4,2017-04-28,2017-04-28,8321000.0,8343000.0,100629000.0,-95514000.0,5115000.0,-3820000.0,-3820000.0,1295000.0,-773000.0,-773000.0,522000,522000,-220000.0,302000,302000,302000,ERS,2016-12-31
