Currency,Fiscal Year,Fiscal Period,Publish Date,Restated Date,Shares (Basic),Shares (Diluted),Revenue,Cost of Revenue,Gross Profit,Operating Expenses,"Selling, General & Administrative",Operating Income (Loss),Non-Operating Income (Loss),"Interest Expense, Net","Pretax Income (Loss), Adj.",Pretax Income (Loss),"Income Tax (Expense) Benefit, Net",Income (Loss) from Continuing Operations,Net Income,Net Income (Common),Ticker,Report_Date
USD,2018,3,2018-11-05,2018-11-05,57663361.0,57663361.0,106963000.0,-39298000.0,67665000.0,-79522000.0,-79522000.0,-11857000.0,1499000.0,1772000.0,-10358000,-10358000,414000.0,-9944000,-9944000,-9944000,TWOU,2018-09-30
USD,2018,4,2019-02-26,2021-02-25,58002116.0,58002116.0,115095000.0,-43088000.0,72007000.0,-68699000.0,-68699000.0,3308000.0,1864000.0,2093000.0,5172000,5172000,-340000.0,4832000,4832000,4832000,TWOU,2018-12-31
USD,2019,1,2019-05-07,2019-05-07,58138692.0,58138692.0,122234000.0,-46669000.0,75565000.0,-99984000.0,-99984000.0,-24419000.0,1924000.0,2294000.0,-22495000,-22495000,941000.0,-21554000,-21554000,-21554000,TWOU,2019-03-31
USD,2019,2,2019-07-30,2019-07-30,60516662.0,60516662.0,135461000.0,-63344000.0,72117000.0,-118157000.0,-118157000.0,-46040000.0,-623000.0,-610000.0,-46663000,-46663000,18691000.0,-27972000,-27972000,-27972000,TWOU,2019-06-30
USD,2019,3,2019-11-12,2019-11-12,63358890.0,63358890.0,153798000.0,-82819000.0,70979000.0,-135561000.0,-135561000.0,-64582000.0,-5437000.0,-4727000.0,-70019000,-140398000,-714000.0,-141112000,-141112000,-141112000,TWOU,2019-09-30
USD,2019,4,2020-02-28,2020-02-28,63560420.0,63560420.0,163178000.0,-84801000.0,78377000.0,-119713000.0,-119713000.0,-41336000.0,-4190000.0,-4576000.0,-45526000,-45526000,942000.0,-44584000,-44584000,-44584000,TWOU,2019-12-31
USD,2020,1,2020-04-30,2021-04-28,63626333.0,63626333.0,175479000.0,-86521000.0,88958000.0,-142868000.0,-142868000.0,-53910000.0,-7251000.0,-4980000.0,-61161000,-61161000,1055000.0,-60106000,-60106000,-60106000,TWOU,2020-03-31
USD,2020,2,2020-07-31,2020-07-31,64075405.0,64075405.0,182687000.0,-93857000.0,88830000.0,-137895000.0,-137895000.0,-49065000.0,-5794000.0,-6364000.0,-54859000,-66530000,363000.0,-66167000,-66167000,-66167000,TWOU,2020-06-30
