Currency,Fiscal Year,Fiscal Period,Publish Date,Restated Date,Shares (Basic),Shares (Diluted),Revenue,Cost of Revenue,Gross Profit,Operating Expenses,"Selling, General & Administrative",Operating Income (Loss),Non-Operating Income (Loss),"Interest Expense, Net","Pretax Income (Loss), Adj.",Pretax Income (Loss),"Income Tax (Expense) Benefit, Net",Income (Loss) from Continuing Operations,Net Income,Net Income (Common),Ticker,Report_Date
USD,2018,2,2018-08-14,2018-08-14,4371440.0,4371440.0,2118583.0,-339911.0,1778672.0,-3746535.0,-3087392.0,-1967863.0,3777.0,0.0,-1964086,-1964086,123415.0,-1840671,-2015434,-2015434,IPDN,2018-06-30
USD,2018,3,2018-11-19,2018-11-19,4856044.0,4856044.0,1894622.0,-291685.0,1602937.0,-3413659.0,-2763556.0,-1810722.0,25181.0,29549.0,-1785541,-7378712,189950.0,-7188762,-7229497,-7229497,IPDN,2018-09-30
USD,2018,4,2019-04-16,2019-04-16,4866232.0,4866232.0,891206.0,-371219.0,519987.0,-2163684.0,-1556506.0,-1643697.0,-11628.0,-34186.0,-1655325,-4474274,966261.0,-3508013,-3801668,-3801668,IPDN,2018-12-31
USD,2019,1,2019-05-20,2019-05-20,4969230.0,4969230.0,1346277.0,-187581.0,1158696.0,-2360725.0,-2139303.0,-1202029.0,-8133.0,-8133.0,-1210162,-1210162,65633.0,-1144529,-1159369,-1159369,IPDN,2019-03-31
USD,2019,2,2019-08-14,2019-08-14,5074480.0,5074480.0,1326467.0,-239952.0,1086515.0,-2202106.0,-1980565.0,-1115591.0,370019.0,-6049.0,-745572,-744311,1642.0,-742669,-771234,-771234,IPDN,2019-06-30
USD,2019,3,2019-11-19,2019-11-19,6984506.0,6984506.0,1348016.0,-271373.0,1076643.0,-2185806.0,-1965126.0,-1109163.0,0.0,0.0,-1109163,-884651,45458.0,-839193,-777011,-777011,IPDN,2019-09-30
USD,2019,4,2020-05-04,2020-05-04,9163044.0,9163044.0,1004452.0,-185468.0,818984.0,-388336.0,-348262.0,430648.0,-335381.0,14182.0,95267,-130506,64768.0,-65738,-1136849,-1136849,IPDN,2019-12-31
USD,2020,1,2020-05-20,2021-05-17,8969475.0,8969475.0,982297.0,-173477.0,808820.0,-2237824.0,-2185823.0,-1429004.0,664.0,-62335.26666666667,-1428340,-1428340,5909.0,-1422431,-1492096,-1492096,IPDN,2020-03-31
USD,2020,2,2020-08-14,2020-08-14,10933614.0,10933614.0,951830.0,-169920.0,781910.0,-2581023.0,-2533175.0,-1799113.0,5550.0,0.0,-1793563,-1793563,12512.0,-1781051,-1838872,-1838872,IPDN,2020-06-30
