Currency,Fiscal Year,Fiscal Period,Publish Date,Restated Date,Shares (Basic),Shares (Diluted),Revenue,Cost of Revenue,Gross Profit,Operating Expenses,"Selling, General & Administrative",Operating Income (Loss),Non-Operating Income (Loss),"Interest Expense, Net","Pretax Income (Loss), Adj.",Pretax Income (Loss),"Income Tax (Expense) Benefit, Net",Income (Loss) from Continuing Operations,Net Income,Net Income (Common),Ticker,Report_Date
USD,2018,4,2019-03-01,2019-03-01,135700000.0,134600000.0,-767000000.0,365000000.0,-402000000.0,157000000.0,151000000.0,-245000000.0,-17000000.0,-19000000.0,-262000000,-497000000,63000000.0,-434000000,-248000000,-248000000,TMX,2018-12-31
USD,2019,1,2019-05-08,2019-05-08,135800000.0,136400000.0,482000000.0,-261000000.0,221000000.0,-142000000.0,-136000000.0,79000000.0,-26000000.0,-27000000.0,53000000,78000000,-9000000.0,69000000,69000000,69000000,TMX,2019-03-31
USD,2019,2,2019-08-06,2019-08-06,136000000.0,136500000.0,560000000.0,-303000000.0,257000000.0,-157000000.0,-151000000.0,100000000.0,-15000000.0,-18000000.0,85000000,80000000,-21000000.0,59000000,59000000,59000000,TMX,2019-06-30
USD,2019,3,2019-11-06,2019-11-06,135800000.0,136500000.0,528000000.0,-305000000.0,223000000.0,-156000000.0,-149000000.0,67000000.0,-18000000.0,-19000000.0,49000000,36000000,-9000000.0,27000000,27000000,27000000,TMX,2019-09-30
USD,2019,4,2020-02-28,2020-02-28,135600000.0,135400000.0,249000000.0,-200000000.0,49000000.0,-97000000.0,-91000000.0,-48000000.0,-23000000.0,-23000000.0,-71000000,-129000000,34000000.0,-95000000,-26000000,-26000000,TMX,2019-12-31
USD,2020,1,2020-05-08,2021-05-07,134900000.0,135100000.0,456000000.0,-279000000.0,177000000.0,-149000000.0,-140000000.0,28000000.0,-23000000.0,-23000000.0,5000000,0,2000000.0,2000000,15000000,15000000,TMX,2020-03-31
USD,2020,2,2020-08-07,2020-08-07,131900000.0,132000000.0,534000000.0,-297000000.0,237000000.0,-152000000.0,-143000000.0,85000000.0,-21000000.0,-22000000.0,64000000,56000000,-18000000.0,39000000,52000000,52000000,TMX,2020-06-30
