Currency,Fiscal Year,Fiscal Period,Publish Date,Restated Date,Shares (Basic),Shares (Diluted),Revenue,Cost of Revenue,Gross Profit,Operating Expenses,"Selling, General & Administrative",Operating Income (Loss),Non-Operating Income (Loss),"Interest Expense, Net","Pretax Income (Loss), Adj.",Pretax Income (Loss),"Income Tax (Expense) Benefit, Net",Income (Loss) from Continuing Operations,Net Income,Net Income (Common),Ticker,Report_Date
USD,2018,2,2018-08-02,2018-08-02,248981000.0,249057000.0,2836713000.0,-2562491000.0,274222000.0,-89110000.0,-89110000.0,185112000.0,-40246000.0,-35433000.0,144866000,144866000,-38522000.0,106344000,106541000,106541000,PPC,2018-06-30
USD,2018,3,2018-11-01,2018-11-01,248981000.0,249179000.0,2697604000.0,-2527863000.0,169741000.0,-84395000.0,-84395000.0,85346000.0,-25035000.0,-31093000.0,60311000,60311000,-30848000.0,29463000,29310000,29310000,PPC,2018-09-30
USD,2018,4,2019-02-14,2019-02-14,248980000.0,249371000.0,2656789000.0,-2544941000.0,111848000.0,-88213000.0,-88213000.0,23635000.0,-52806000.0,-33765000.0,-29171000,-29171000,20944000.0,-8227000,-7324000,-7324000,PPC,2018-12-31
USD,2019,1,2019-05-02,2019-05-02,249167000.0,249557000.0,2724675000.0,-2505736000.0,218939000.0,-81897000.0,-81897000.0,137042000.0,-32501000.0,-30222000.0,104541000,104541000,-20416000.0,84125000,84011000,84011000,PPC,2019-03-31
USD,2019,2,2019-08-01,2019-08-01,249400000.0,249636000.0,2843085000.0,-2475221000.0,367864000.0,-88314000.0,-88314000.0,279550000.0,-33923000.0,-30150000.0,245627000,245627000,-75547000.0,170080000,170068000,170068000,PPC,2019-06-30
USD,2019,3,2019-10-31,2019-10-31,249467000.0,249729000.0,2777970000.0,-2495773000.0,282197000.0,-94012000.0,-94012000.0,188185000.0,-31724000.0,-27330000.0,156461000,156461000,-46365000.0,110096000,109765000,109765000,PPC,2019-09-30
USD,2019,4,2020-02-21,2020-02-21,249570000.0,249914000.0,3063489000.0,-2862095000.0,201394000.0,-115603000.0,-115603000.0,85791000.0,-31755000.0,-30651000.0,54036000,110916000,-18681000.0,92235000,92080000,92080000,PPC,2019-12-31
USD,2020,1,2020-04-30,2021-04-29,249347000.0,249622000.0,3074928000.0,-2897829000.0,177099000.0,-92713000.0,-92713000.0,84386000.0,21575000.0,-30998000.0,105961000,105961000,-38512000.0,67449000,67268000,67268000,PPC,2020-03-31
USD,2020,2,2020-07-30,2020-07-30,246687000.0,247018000.0,2824023000.0,-2704164000.0,119859000.0,-92570000.0,-92570000.0,27289000.0,-36645000.0,-31165000.0,-9356000,-9356000,2956000.0,-6400000,-6036000,-6036000,PPC,2020-06-30
