Currency,Fiscal Year,Fiscal Period,Publish Date,Restated Date,Shares (Basic),Shares (Diluted),Revenue,Cost of Revenue,Gross Profit,Operating Expenses,"Selling, General & Administrative",Operating Income (Loss),Non-Operating Income (Loss),"Interest Expense, Net","Pretax Income (Loss), Adj.",Pretax Income (Loss),"Income Tax (Expense) Benefit, Net",Income (Loss) from Continuing Operations,Net Income,Net Income (Common),Ticker,Report_Date
USD,2018,4,2019-03-20,2019-03-20,11832638.0,11832638.0,16510993.0,-27376500.0,16510993.0,-17373892.0,-5920638.0,-862899.0,286062.0,-57028.0,-576837,-581856,5513.0,-576343,-576343,-2320067,MTBC,2018-12-31
USD,2019,1,2019-05-08,2019-05-08,11946003.0,11946003.0,15080211.0,-27376500.0,15080211.0,-15382411.0,-4523475.0,-302200.0,-98226.0,-17196.0,-400426,-336223,40532.0,-295691,-295691,-1788391,MTBC,2019-03-31
USD,2019,2,2019-08-07,2019-08-07,12022143.0,12022143.0,16749499.0,-27376500.0,16749499.0,-17977275.0,-5526311.0,-1227776.0,512156.0,-33065.0,-715620,-715620,-55352.0,-770972,-770972,-2257678,MTBC,2019-06-30
USD,2019,3,2019-11-06,2019-11-06,12146110.0,12146110.0,16851328.0,-27376500.0,16851328.0,-16325140.0,-4799543.0,526188.0,-719995.0,-31653.0,-193807,-50574,-86970.0,-137544,-137544,-1740377,MTBC,2019-09-30
USD,2019,4,2020-02-28,2020-02-28,12237532.0,12237532.0,15757962.0,-41186000.0,-25428038.0,26373826.0,-4584671.0,945788.0,-439935.0,-39086.0,505853,423417,-91210.0,332207,332207,-1471554,MTBC,2019-12-31
USD,2020,1,2020-05-14,2021-05-06,12310818.0,12310818.0,21867000.0,-13567000.0,8300000.0,-11137000.0,-7174000.0,-2837000.0,365000.0,-80000.0,-2472000,-2472000,-30000.0,-2502000,-2502000,-5145000,MTBC,2020-03-31
USD,2020,2,2020-08-13,2020-08-13,12395197.0,12395197.0,19578790.0,-27376500.0,19578790.0,-24188991.0,-7017902.0,-4610201.0,-256642.0,-142312.0,-4866843,-4866843,74338.0,-4792505,-4792505,-8069422,MTBC,2020-06-30
