Currency,Fiscal Year,Fiscal Period,Publish Date,Restated Date,Shares (Basic),Shares (Diluted),Revenue,Cost of Revenue,Gross Profit,Operating Expenses,"Selling, General & Administrative",Operating Income (Loss),Non-Operating Income (Loss),"Interest Expense, Net","Pretax Income (Loss), Adj.",Pretax Income (Loss),"Income Tax (Expense) Benefit, Net",Income (Loss) from Continuing Operations,Net Income,Net Income (Common),Ticker,Report_Date
USD,2018,4,2019-03-28,2019-03-28,62206000.0,63467000.0,75777000.0,-31332000.0,44445000.0,-27864000.0,-16371000.0,16581000.0,-221000.0,-270000.0,16360000,16360000,-3241000.0,13119000,13119000,13119000,HQY,2019-01-31
USD,2019,1,2019-06-06,2019-06-06,62326000.0,63901000.0,87052000.0,-29299000.0,57753000.0,-30075000.0,-17679000.0,27678000.0,23600000.0,-9326250.0,51278000,51278000,-9456000.0,41822000,41822000,41822000,HQY,2019-04-30
USD,2019,2,2019-09-09,2019-09-09,64220000.0,65583000.0,86623000.0,-28183000.0,58440000.0,-30792000.0,-17653000.0,27648000.0,-1128000.0,-9326250.0,26520000,23736000,-4370000.0,19366000,19366000,19366000,HQY,2019-07-31
USD,2019,3,2019-12-05,2019-12-05,70524000.0,70524000.0,157118000.0,-61083000.0,96035000.0,-68438000.0,-31876000.0,27597000.0,-41174000.0,-10225000.0,-13577000,-31252000,9918000.0,-21334000,-21334000,-21334000,HQY,2019-10-31
USD,2019,4,2020-03-31,2020-03-31,71034000.0,73804000.0,201200000.0,-87519000.0,113681000.0,-87487000.0,-37304000.0,26194000.0,-15149000.0,-14547000.0,11045000,-607000,417000.0,-190000,-190000,-190000,HQY,2020-01-31
USD,2020,1,2020-06-04,2021-06-08,70980000.0,72292000.0,190011000.0,-81937000.0,108074000.0,-80233000.0,-30453000.0,27841000.0,-13027000.0,-12263000.0,14814000,2044000,-218000.0,1826000,1826000,1826000,HQY,2020-04-30
