Currency,Fiscal Year,Fiscal Period,Publish Date,Restated Date,Shares (Basic),Shares (Diluted),Revenue,Cost of Revenue,Gross Profit,Operating Expenses,"Selling, General & Administrative",Operating Income (Loss),Non-Operating Income (Loss),"Interest Expense, Net","Pretax Income (Loss), Adj.",Pretax Income (Loss),"Income Tax (Expense) Benefit, Net",Income (Loss) from Continuing Operations,Net Income,Net Income (Common),Ticker,Report_Date
USD,2018,2,2018-08-09,2019-08-09,98614000.0,98797000.0,527000000.0,-18000000.0,509000000.0,-228000000.0,-15000000.0,281000000.0,68000000.0,-16000000.0,349000000,294000000,7000000.0,301000000,219000000,219000000,FANG,2018-06-30
USD,2018,3,2018-11-07,2019-11-06,98638000.0,98818000.0,537000000.0,-20000000.0,517000000.0,-249000000.0,-14000000.0,268000000.0,-17000000.0,-19000000.0,251000000,203000000,-43000000.0,160000000,157000000,157000000,FANG,2018-09-30
USD,2018,4,2019-02-25,2021-02-25,122681000.0,123332000.0,633000000.0,-23000000.0,610000000.0,-378000000.0,-20000000.0,232000000.0,-38000000.0,-38000000.0,194000000,391000000,-85000000.0,306000000,307000000,307000000,FANG,2018-12-31
USD,2019,1,2019-05-10,2020-05-08,164852000.0,165061000.0,864000000.0,-17000000.0,847000000.0,-526000000.0,-27000000.0,321000000.0,-45000000.0,-46000000.0,276000000,10000000,33000000.0,43000000,10000000,10000000,FANG,2019-03-31
USD,2019,2,2019-08-09,2020-08-10,164839000.0,165019000.0,1021000000.0,-17000000.0,1004000000.0,-590000000.0,-22000000.0,414000000.0,-47000000.0,-49000000.0,367000000,458000000,-102000000.0,356000000,349000000,349000000,FANG,2019-06-30
USD,2019,3,2019-11-06,2020-11-05,162543000.0,162780000.0,975000000.0,-26000000.0,949000000.0,-599000000.0,-19000000.0,350000000.0,-36000000.0,-38000000.0,314000000,490000000,-102000000.0,388000000,368000000,368000000,FANG,2019-09-30
USD,2019,4,2020-02-27,2021-02-25,161738000.0,162512000.0,1104000000.0,-31000000.0,1073000000.0,-666000000.0,-36000000.0,407000000.0,-46000000.0,-39000000.0,361000000,-596000000,124000000.0,-472000000,-487000000,-487000000,FANG,2019-12-31
USD,2020,1,2020-05-08,2021-05-07,158291000.0,158494000.0,899000000.0,-59000000.0,840000000.0,-633000000.0,-24000000.0,207000000.0,-47000000.0,-48000000.0,160000000,-317000000,-83000000.0,-400000000,-272000000,-272000000,FANG,2020-03-31
USD,2020,2,2020-08-10,2020-08-10,157829000.0,157829000.0,425000000.0,-32000000.0,393000000.0,-525000000.0,-20000000.0,-132000000.0,-59000000.0,-46000000.0,-191000000,-3092000000,681000000.0,-2411000000,-2393000000,-2393000000,FANG,2020-06-30
