Currency,Fiscal Year,Fiscal Period,Publish Date,Restated Date,Shares (Basic),Shares (Diluted),Revenue,Cost of Revenue,Gross Profit,Operating Expenses,"Selling, General & Administrative",Operating Income (Loss),Non-Operating Income (Loss),"Interest Expense, Net","Pretax Income (Loss), Adj.",Pretax Income (Loss),"Income Tax (Expense) Benefit, Net",Income (Loss) from Continuing Operations,Net Income,Net Income (Common),Ticker,Report_Date
USD,2019,1,2018-11-02,2018-11-02,287000000.0,292000000.0,2991000000.0,-2078000000.0,913000000.0,-387000000.0,-115000000.0,526000000.0,-35000000.0,-34000000.0,491000000,468000000,-18000000.0,450000000,450000000,450000000,STX,2018-09-30
USD,2019,2,2019-02-04,2019-02-04,285000000.0,287000000.0,2715000000.0,-1921000000.0,794000000.0,-371000000.0,-120000000.0,423000000.0,-18000000.0,-34000000.0,405000000,398000000,-14000000.0,384000000,384000000,384000000,STX,2018-12-31
USD,2019,3,2019-04-30,2019-04-30,281000000.0,284000000.0,2313000000.0,-1712000000.0,601000000.0,-354000000.0,-110000000.0,247000000.0,-21000000.0,-34000000.0,226000000,215000000,-20000000.0,195000000,195000000,195000000,STX,2019-03-31
USD,2019,4,2019-08-02,2019-08-02,275000000.0,277000000.0,2371000000.0,-1747000000.0,624000000.0,-355000000.0,-108000000.0,269000000.0,-41000000.0,-38000000.0,228000000,291000000,692000000.0,983000000,983000000,983000000,STX,2019-06-30
USD,2020,1,2019-11-01,2019-11-01,266000000.0,270000000.0,2578000000.0,-1907000000.0,671000000.0,-381000000.0,-122000000.0,290000000.0,-75000000.0,-44000000.0,215000000,198000000,2000000.0,200000000,200000000,200000000,STX,2019-09-30
USD,2020,2,2020-02-05,2021-01-28,262000000.0,265000000.0,2696000000.0,-1938000000.0,758000000.0,-374000000.0,-120000000.0,384000000.0,-48000000.0,-44000000.0,336000000,336000000,-18000000.0,318000000,318000000,318000000,STX,2019-12-31
USD,2020,3,2020-04-30,2021-04-29,261000000.0,263000000.0,2718000000.0,-1972000000.0,746000000.0,-368000000.0,-119000000.0,378000000.0,-38000000.0,-45000000.0,340000000,338000000,-18000000.0,320000000,320000000,320000000,STX,2020-03-31
USD,2020,4,2020-08-07,2020-08-07,259000000.0,262000000.0,2517000000.0,-1850000000.0,667000000.0,-337000000.0,-112000000.0,330000000.0,-107000000.0,-48000000.0,223000000,160000000,6000000.0,166000000,166000000,166000000,STX,2020-06-30
