Currency,Fiscal Year,Fiscal Period,Publish Date,Restated Date,Shares (Basic),Shares (Diluted),Revenue,Cost of Revenue,Gross Profit,Operating Expenses,"Selling, General & Administrative",Operating Income (Loss),Non-Operating Income (Loss),"Interest Expense, Net","Pretax Income (Loss), Adj.",Pretax Income (Loss),"Income Tax (Expense) Benefit, Net",Income (Loss) from Continuing Operations,Net Income,Net Income (Common),Ticker,Report_Date
USD,2018,4,2019-02-21,2019-02-21,158196000.0,158666000.0,880555000.0,-313071000.0,567484000.0,-400498000.0,-400498000.0,166986000.0,-52615000.0,-52615000.0,114371000,114371000,-31048000.0,83323000,75215000,75215000,GPN,2018-12-31
USD,2019,1,2019-05-02,2019-05-02,157519000.0,158018000.0,883039000.0,-305230000.0,577809000.0,-378317000.0,-378317000.0,199492000.0,-56147000.0,-56147000.0,143345000,143345000,-24140000.0,119205000,112341000,112341000,GPN,2019-03-31
USD,2019,2,2019-07-30,2019-07-30,156768000.0,157262000.0,935152000.0,-302276000.0,632876000.0,-411150000.0,-411150000.0,221726000.0,-59440000.0,-59440000.0,162286000,162286000,-32247000.0,130039000,120458000,120458000,GPN,2019-06-30
USD,2019,3,2019-10-31,2019-10-31,177039000.0,177543000.0,1105941000.0,-427720000.0,678221000.0,-504184000.0,-504184000.0,174037000.0,-84929000.0,-84929000.0,89108000,89108000,16623000.0,105731000,95044000,95044000,GPN,2019-09-30
USD,2019,4,2020-02-21,2020-02-21,301866000.0,303713000.0,1987760000.0,-1038577000.0,949183000.0,-753021000.0,-753021000.0,196162000.0,-72976000.0,-72976000.0,123186000,123186000,-22426000.0,114301000,102770000,102770000,GPN,2019-12-31
USD,2020,1,2020-05-06,2021-05-04,299388000.0,300838000.0,1903598000.0,-933871000.0,969727000.0,-725748000.0,-725748000.0,243979000.0,-90138000.0,-90138000.0,153841000,153841000,-15502000.0,150608000,143575000,143575000,GPN,2020-03-31
USD,2020,2,2020-08-03,2020-08-03,299140000.0,300246000.0,1671952000.0,-893740000.0,778212000.0,-670638000.0,-670638000.0,107574000.0,-80068000.0,-80068000.0,27506000,27506000,-836000.0,39444000,37331000,37331000,GPN,2020-06-30
