Currency,Fiscal Year,Fiscal Period,Publish Date,Restated Date,Shares (Basic),Shares (Diluted),Revenue,Cost of Revenue,Gross Profit,Operating Expenses,"Selling, General & Administrative",Operating Income (Loss),Non-Operating Income (Loss),"Interest Expense, Net","Pretax Income (Loss), Adj.",Pretax Income (Loss),"Income Tax (Expense) Benefit, Net",Income (Loss) from Continuing Operations,Net Income,Net Income (Common),Ticker,Report_Date
USD,2019,2,2019-08-02,2019-08-02,64581476.0,65624505.0,528147000.0,-333288000.0,194859000.0,-175285000.0,-131270000.0,19574000.0,-1354000.0,-334000.0,18220000,18220000,-5683000.0,12537000,10823000,10823000,CRTO,2019-06-30
USD,2019,3,2019-10-31,2019-10-31,64868545.0,66067045.0,522606000.0,-333002000.0,189604000.0,-160234000.0,-118820000.0,29370000.0,-900000.0,-334000.0,28470000,28470000,-7913000.0,20557000,18778000,18778000,CRTO,2019-09-30
USD,2019,4,2020-04-27,2020-04-27,63437062.0,64661506.0,652640000.0,-417716000.0,234924000.0,-176047000.0,-135462000.0,58877000.0,-1521000.0,-334000.0,57356000,57356000,-15882000.0,41474000,42024000,42024000,CRTO,2019-12-31
USD,2020,1,2020-04-30,2021-05-05,61691001.0,62125582.0,503376000.0,-331170000.0,172206000.0,-148404000.0,-110889000.0,23802000.0,-334000.0,-334000.0,23468000,23468000,-7040000.0,16428000,15459000,15459000,CRTO,2020-03-31
USD,2020,2,2020-07-31,2020-07-31,61415467.0,61790135.0,437614000.0,-291612000.0,146002000.0,-136213000.0,-104966000.0,9789000.0,-1003000.0,-334000.0,8786000,8786000,-2636000.0,6150000,5716000,5716000,CRTO,2020-06-30
