Currency,Fiscal Year,Fiscal Period,Publish Date,Restated Date,Shares (Basic),Shares (Diluted),Revenue,Cost of Revenue,Gross Profit,Operating Expenses,"Selling, General & Administrative",Operating Income (Loss),Non-Operating Income (Loss),"Interest Expense, Net","Pretax Income (Loss), Adj.",Pretax Income (Loss),"Income Tax (Expense) Benefit, Net",Income (Loss) from Continuing Operations,Net Income,Net Income (Common),Ticker,Report_Date
USD,2019,1,2019-05-14,2019-08-13,1220000000.0,1224000000.0,5959000000.0,-3948000000.0,2011000000.0,-829000000.0,-829000000.0,1182000000.0,59000000.0,-321000000.0,1241000000,621000000,-217000000.0,404000000,405000000,405000000,KHC,2019-03-31
USD,2019,2,2019-08-13,2019-08-13,1220000000.0,1222000000.0,6406000000.0,-4324000000.0,2082000000.0,-750000000.0,-750000000.0,1332000000.0,-183000000.0,-316000000.0,1149000000,551000000,-103000000.0,448000000,449000000,449000000,KHC,2019-06-30
USD,2019,3,2019-10-31,2019-10-31,1221000000.0,1223000000.0,6076000000.0,-4129000000.0,1947000000.0,-762000000.0,-762000000.0,1185000000.0,-18000000.0,-398000000.0,1167000000,1162000000,-264000000.0,898000000,899000000,899000000,KHC,2019-09-30
USD,2019,4,2020-02-14,2020-02-14,1223000000.0,1227000000.0,6536000000.0,-4429000000.0,2107000000.0,-837000000.0,-837000000.0,1270000000.0,-267000000.0,-326000000.0,1003000000,327000000,-144000000.0,183000000,182000000,182000000,KHC,2019-12-31
USD,2020,1,2020-05-01,2021-04-30,1222000000.0,1224000000.0,6157000000.0,-4299000000.0,1858000000.0,-862000000.0,-862000000.0,996000000.0,-229000000.0,-310000000.0,767000000,541000000,-160000000.0,381000000,378000000,378000000,KHC,2020-03-31
USD,2020,2,2020-07-31,2020-07-31,1223000000.0,1223000000.0,6648000000.0,-4196000000.0,2452000000.0,-918000000.0,-918000000.0,1534000000.0,-364000000.0,-442000000.0,1170000000,-1703000000,51000000.0,-1652000000,-1651000000,-1651000000,KHC,2020-06-30
