Currency,Fiscal Year,Fiscal Period,Publish Date,Restated Date,Shares (Basic),Shares (Diluted),Revenue,Cost of Revenue,Gross Profit,Operating Expenses,"Selling, General & Administrative",Operating Income (Loss),Non-Operating Income (Loss),"Interest Expense, Net","Pretax Income (Loss), Adj.",Pretax Income (Loss),"Income Tax (Expense) Benefit, Net",Income (Loss) from Continuing Operations,Net Income,Net Income (Common),Ticker,Report_Date
USD,2018,3,2018-10-25,2018-10-25,254905000.0,259788000.0,784535000.0,-111255000.0,673280000.0,-467631000.0,-137295000.0,205649000.0,-69138000.0,-8143000.0,136511000,136511000,-8055000.0,128456000,128746000,128746000,VRTX,2018-09-30
USD,2018,4,2019-02-13,2019-02-13,254897000.0,259842000.0,870106000.0,-122289000.0,747817000.0,-591279000.0,-153210000.0,156538000.0,-95041000.0,-4773000.0,61497000,32497000,1492599000.0,1525096000,1550527000,1550527000,VRTX,2018-12-31
USD,2019,1,2019-05-01,2019-05-01,255695000.0,260175000.0,858435000.0,-95092000.0,763343000.0,-486535000.0,-147045000.0,276808000.0,43357000.0,747000.0,320165000,320165000,-51534000.0,268631000,268631000,268631000,VRTX,2019-03-31
USD,2019,2,2019-08-01,2019-08-01,256154000.0,259822000.0,941293000.0,-135740000.0,805553000.0,-535593000.0,-156502000.0,269960000.0,57178000.0,3239000.0,327138000,327138000,-59711000.0,267427000,267427000,267427000,VRTX,2019-06-30
USD,2019,3,2019-10-31,2019-10-31,256946000.0,260473000.0,949828000.0,-131914000.0,817914000.0,-718581000.0,-159674000.0,99333000.0,-28667000.0,3080000.0,70666000,70666000,-13148000.0,57518000,57518000,57518000,VRTX,2019-09-30
USD,2019,4,2020-02-13,2020-02-13,258117000.0,262222000.0,1413265000.0,-185012000.0,1228253000.0,-672329000.0,-195277000.0,555924000.0,125485000.0,-1890000.0,681409000,676950000,-93716000.0,583234000,583234000,583234000,VRTX,2019-12-31
USD,2020,1,2020-05-01,2021-04-30,259815000.0,263515000.0,1515107000.0,-162497000.0,1352610000.0,-630786000.0,-182258000.0,721824000.0,-62690000.0,-1560000.0,659134000,657534000,-54781000.0,602753000,602753000,602753000,VRTX,2020-03-31
USD,2020,2,2020-07-31,2020-07-31,259637000.0,263403000.0,1524485000.0,-184520000.0,1339965000.0,-621932000.0,-191804000.0,718033000.0,106737000.0,-9628000.0,824770000,824770000,12500000.0,837270000,837270000,837270000,VRTX,2020-06-30
