Currency,Fiscal Year,Fiscal Period,Publish Date,Restated Date,Shares (Basic),Shares (Diluted),Revenue,Cost of Revenue,Gross Profit,Operating Expenses,"Selling, General & Administrative",Operating Income (Loss),Non-Operating Income (Loss),"Interest Expense, Net","Pretax Income (Loss), Adj.",Pretax Income (Loss),"Income Tax (Expense) Benefit, Net",Income (Loss) from Continuing Operations,Net Income,Net Income (Common),Ticker,Report_Date
USD,2018,3,2018-10-31,2018-10-31,20552532.0,20552532.0,104639000.0,-66125000.0,38514000.0,-36285000.0,-9843000.0,2229000.0,-272000.0,-272000.0,1957000,-1171000,307000.0,-864000,-620000,-620000,HABT,2018-09-30
USD,2018,4,2019-03-01,2019-03-01,20657714.0,20944686.0,102708000.0,-63918000.0,38790000.0,-37017000.0,-10328000.0,1773000.0,-269000.0,-269000.0,1504000,1383000,-397000.0,986000,687000,687000,HABT,2018-12-31
USD,2019,1,2019-05-02,2019-05-02,20675908.0,20675908.0,108174000.0,-69754000.0,38420000.0,-38651000.0,-10058000.0,-231000.0,43000.0,43000.0,-188000,-231000,-3585500.0,-231000,-176000,-176000,HABT,2019-03-31
USD,2019,2,2019-08-01,2019-08-01,20739625.0,20787147.0,117928000.0,-73940000.0,43988000.0,-40500000.0,-10610000.0,3488000.0,56000.0,56000.0,3544000,3491000,-811000.0,2680000,1972000,1972000,HABT,2019-06-30
USD,2019,3,2019-10-31,2019-10-31,20756782.0,20772041.0,117303000.0,-73670000.0,43633000.0,-41409000.0,-10462000.0,2224000.0,79000.0,79000.0,2303000,1238000,127000.0,1365000,1038000,1038000,HABT,2019-09-30
USD,2019,4,2020-03-12,2020-03-12,20773889.0,20911060.0,122654000.0,-77024000.0,45630000.0,-43884000.0,-11312000.0,1746000.0,85000.0,85000.0,1831000,1140000,-277000.0,863000,643000,643000,HABT,2019-12-31
