Currency,Fiscal Year,Fiscal Period,Publish Date,Restated Date,Shares (Basic),Shares (Diluted),Revenue,Cost of Revenue,Gross Profit,Operating Expenses,"Selling, General & Administrative",Operating Income (Loss),Non-Operating Income (Loss),"Interest Expense, Net","Pretax Income (Loss), Adj.",Pretax Income (Loss),"Income Tax (Expense) Benefit, Net",Income (Loss) from Continuing Operations,Net Income,Net Income (Common),Ticker,Report_Date
USD,2018,3,2018-11-01,2018-11-01,53277000.0,53277000.0,11528000.0,-29000.0,11499000.0,-161271000.0,-44527000.0,-149772000.0,4339000.0,4591000.0,-145433000,-145480000,774562.5,-145480000,-145480000,-145480000,BLUE,2018-09-30
USD,2018,4,2019-02-21,2019-02-21,54775000.0,54775000.0,19243000.0,-818000.0,18425000.0,-173230000.0,-53508000.0,-154805000.0,8125000.0,6209000.0,-146680000,-148836000,-187000.0,-149023000,-149023000,-149023000,BLUE,2018-12-31
USD,2019,1,2019-05-03,2019-05-03,54957000.0,54957000.0,12471000.0,-430000.0,12041000.0,-182919000.0,-60279000.0,-170878000.0,6713000.0,10102000.0,-164165000,-164461000,15000.0,-164446000,-164446000,-164446000,BLUE,2019-03-31
USD,2019,2,2019-08-01,2019-08-01,55165000.0,55165000.0,13296000.0,-613000.0,12683000.0,-215171000.0,-68631000.0,-202488000.0,6451000.0,9387000.0,-196037000,-196251000,469000.0,-195782000,-195782000,-195782000,BLUE,2019-06-30
USD,2019,3,2019-10-31,2019-10-31,55292000.0,55292000.0,8910000.0,-862000.0,8048000.0,-217662000.0,-66250000.0,-209614000.0,4119000.0,8417000.0,-205495000,-206297000,264000.0,-206033000,-206033000,-206033000,BLUE,2019-09-30
USD,2019,4,2020-02-18,2020-02-18,55350000.0,55350000.0,9997000.0,-1073000.0,8924000.0,-238023000.0,-76202000.0,-229099000.0,7390000.0,6855000.0,-221709000,-223144000,-203000.0,-223347000,-223347000,-223347000,BLUE,2019-12-31
USD,2020,1,2020-05-11,2021-05-05,55590000.0,55590000.0,21863000.0,-1025000.0,20838000.0,-227371000.0,-73248000.0,-206533000.0,908000.0,5355000.0,-205625000,-202517000,-94000.0,-202611000,-202611000,-202611000,BLUE,2020-03-31
USD,2020,2,2020-08-05,2020-08-05,60384000.0,60384000.0,198890000.0,-1554000.0,197336000.0,-224936000.0,-68628000.0,-27600000.0,4490000.0,2939000.0,-23110000,-21455000,-10000.0,-21465000,-21465000,-21465000,BLUE,2020-06-30
