Currency,Fiscal Year,Fiscal Period,Publish Date,Restated Date,Shares (Basic),Shares (Diluted),Revenue,Cost of Revenue,Gross Profit,Operating Expenses,"Selling, General & Administrative",Operating Income (Loss),Non-Operating Income (Loss),"Interest Expense, Net","Pretax Income (Loss), Adj.",Pretax Income (Loss),"Income Tax (Expense) Benefit, Net",Income (Loss) from Continuing Operations,Net Income,Net Income (Common),Ticker,Report_Date
USD,2016,2,2016-08-04,2017-08-09,119500000.0,120600000.0,6285000000.0,-5625000000.0,660000000.0,-304000000.0,-94000000.0,356000000.0,-35000000.0,-60000000.0,321000000,686000000,-237000000.0,449000000,418000000,418000000,ANDV,2016-06-30
USD,2016,3,2016-11-02,2017-11-09,118200000.0,119300000.0,6544000000.0,-5884000000.0,660000000.0,-318000000.0,-107000000.0,342000000.0,-70000000.0,-70000000.0,272000000,297000000,-95000000.0,202000000,169000000,169000000,ANDV,2016-09-30
USD,2016,4,2017-02-21,2017-02-21,116700000.0,118500000.0,6652000000.0,-6213000000.0,439000000.0,-336000000.0,-118000000.0,103000000.0,-61000000.0,-84000000.0,42000000,166000000,-65000000.0,101000000,78000000,78000000,ANDV,2016-12-31
USD,2017,1,2017-05-09,2018-05-08,117100000.0,118100000.0,6638000000.0,-6081000000.0,557000000.0,-361000000.0,-135000000.0,196000000.0,-87000000.0,-98000000.0,109000000,108000000,-21000000.0,87000000,50000000,50000000,ANDV,2017-03-31
USD,2017,2,2017-08-09,2018-08-07,130800000.0,131700000.0,7849000000.0,-6957000000.0,892000000.0,-487000000.0,-247000000.0,405000000.0,-78000000.0,-96000000.0,327000000,143000000,-56000000.0,87000000,40000000,40000000,ANDV,2017-06-30
USD,2017,3,2017-11-09,2017-11-09,156600000.0,157800000.0,9836000000.0,-8649000000.0,1187000000.0,-441000000.0,-168000000.0,746000000.0,-98000000.0,-97000000.0,648000000,867000000,-274000000.0,593000000,559000000,559000000,ANDV,2017-09-30
USD,2017,4,2018-02-21,2018-02-21,155900000.0,157600000.0,10652000000.0,-9975000000.0,677000000.0,-474000000.0,-192000000.0,203000000.0,-170000000.0,-148000000.0,33000000,-3000000,911000000.0,908000000,879000000,879000000,ANDV,2017-12-31
USD,2018,1,2018-05-08,2018-05-08,152900000.0,153800000.0,10300000000.0,-9475000000.0,825000000.0,-455000000.0,-173000000.0,370000000.0,-92000000.0,-102000000.0,278000000,288000000,-59000000.0,229000000,172000000,172000000,ANDV,2018-03-31
USD,2018,2,2018-08-07,2018-08-07,151100000.0,152600000.0,12472000000.0,-11153000000.0,1319000000.0,-471000000.0,-179000000.0,848000000.0,-109000000.0,-109000000.0,739000000,749000000,-167000000.0,582000000,515000000,515000000,ANDV,2018-06-30
