Currency,Fiscal Year,Fiscal Period,Publish Date,Restated Date,Shares (Basic),Shares (Diluted),Revenue,Cost of Revenue,Gross Profit,Operating Expenses,"Selling, General & Administrative",Operating Income (Loss),Non-Operating Income (Loss),"Interest Expense, Net","Pretax Income (Loss), Adj.",Pretax Income (Loss),"Income Tax (Expense) Benefit, Net",Income (Loss) from Continuing Operations,Net Income,Net Income (Common),Ticker,Report_Date
USD,2016,3,2016-11-04,2017-10-31,33932000.0,33932000.0,187328000.0,-117754000.0,69574000.0,-111368000.0,-68084000.0,-41794000.0,-5596000.0,-5596000.0,-47390000,-47390000,18235000.0,-29155000,-29155000,-29155000,SFLY,2016-09-30
USD,2016,4,2017-02-14,2018-02-20,33683000.0,38055000.0,561226000.0,-230048000.0,331178000.0,-177385000.0,-133342000.0,153793000.0,-5839000.0,-5839000.0,147954000,147954000,-56972000.0,90982000,90982000,90982000,SFLY,2016-12-31
USD,2017,1,2017-05-05,2018-05-10,33712000.0,33712000.0,191972000.0,-116119000.0,75853000.0,-116637000.0,-70682000.0,-40784000.0,-5775000.0,-5775000.0,-46559000,-55535000,22341000.0,-33194000,-33194000,-33194000,SFLY,2017-03-31
USD,2017,2,2017-08-02,2018-08-09,33579000.0,33579000.0,209032000.0,-118205000.0,90827000.0,-109896000.0,-70498000.0,-19069000.0,-5711000.0,-5711000.0,-24780000,-37551000,14713000.0,-22838000,-22838000,-22838000,SFLY,2017-06-30
USD,2017,3,2017-10-31,2017-10-31,32878000.0,32878000.0,195443000.0,-131108000.0,64335000.0,-96839000.0,-57225000.0,-32504000.0,-6446000.0,-6446000.0,-38950000,-42267000,16660000.0,-25607000,-25607000,-25607000,SFLY,2017-09-30
USD,2017,4,2018-02-20,2018-02-20,32283000.0,36255000.0,593755000.0,-254218000.0,339537000.0,-160516000.0,-117100000.0,179021000.0,-8423000.0,-8423000.0,170598000,170598000,-58874000.0,111724000,111724000,111724000,SFLY,2017-12-31
USD,2018,1,2018-05-10,2018-05-10,32702000.0,32702000.0,199725000.0,-126046000.0,73679000.0,-107789000.0,-69285000.0,-34110000.0,-7884000.0,-7884000.0,-41994000,-41994000,14829000.0,-27165000,-27165000,-27165000,SFLY,2018-03-31
USD,2018,2,2018-08-09,2018-08-09,33234000.0,33234000.0,443372000.0,-233228000.0,210144000.0,-230103000.0,-185683000.0,-19959000.0,-16208000.0,-16208000.0,-36167000,-39119000,12607000.0,-26512000,-26512000,-26512000,SFLY,2018-06-30
USD,2018,3,2018-11-07,2018-11-07,33470000.0,33470000.0,368757000.0,-224738000.0,144019000.0,-230555000.0,-185820000.0,-86536000.0,-15804000.0,-15804000.0,-102340000,-102340000,28797000.0,-73543000,-73543000,-73543000,SFLY,2018-09-30
