Currency,Fiscal Year,Fiscal Period,Publish Date,Restated Date,Shares (Basic),Shares (Diluted),Revenue,Cost of Revenue,Gross Profit,Operating Expenses,"Selling, General & Administrative",Operating Income (Loss),Non-Operating Income (Loss),"Interest Expense, Net","Pretax Income (Loss), Adj.",Pretax Income (Loss),"Income Tax (Expense) Benefit, Net",Income (Loss) from Continuing Operations,Net Income,Net Income (Common),Ticker,Report_Date
USD,2018,1,2018-04-24,2018-04-24,94876824.0,95007340.0,607818000.0,-475711000.0,132107000.0,-63668000.0,-48934000.0,68439000.0,-9889000.0,-11608000.0,58550000,58550000,-20715000.0,34122000,35189000,35189000,MDR,2018-03-31
USD,2018,2,2018-07-31,2018-07-31,144000000.0,144000000.0,1735000000.0,-1498000000.0,237000000.0,-128000000.0,-75000000.0,109000000.0,-88000000.0,-72000000.0,21000000,-42000000,84000000.0,42000000,44000000,44000000,MDR,2018-06-30
USD,2018,3,2018-10-30,2018-10-30,180000000.0,181000000.0,2289000000.0,-2016000000.0,273000000.0,-103000000.0,-64000000.0,170000000.0,-85000000.0,-86000000.0,85000000,41000000,-44000000.0,-3000000,-1000000,-1000000,MDR,2018-09-30
USD,2018,4,2019-02-25,2019-02-25,181123176.0,179992660.0,2073182000.0,-2197289000.0,-124107000.0,-120332000.0,-94066000.0,-244439000.0,-119111000.0,-89392000.0,-363550000,-2628550000,-123285000.0,-2751122000,-2765189000,-2769189000,MDR,2018-12-31
USD,2019,1,2019-04-29,2019-04-29,181000000.0,181000000.0,2211000000.0,-2028000000.0,183000000.0,-107000000.0,-72000000.0,76000000.0,-82000000.0,-92000000.0,-6000000,-78000000,21000000.0,-57000000,-56000000,-70000000,MDR,2019-03-31
USD,2019,2,2019-07-29,2019-07-29,182000000.0,182000000.0,2137000000.0,-1959000000.0,178000000.0,-118000000.0,-77000000.0,60000000.0,-99000000.0,-100000000.0,-39000000,-163000000,49000000.0,-114000000,-132000000,-146000000,MDR,2019-06-30
USD,2019,3,2019-11-04,2019-11-04,182000000.0,182000000.0,2121000000.0,-2180000000.0,-59000000.0,-84000000.0,-40000000.0,-143000000.0,-101000000.0,-108000000.0,-244000000,-1792000000,-72000000.0,-1864000000,-1873000000,-1887000000,MDR,2019-09-30
USD,2019,4,2020-04-24,2020-04-24,183000000.0,183000000.0,1962000000.0,-2077000000.0,-115000000.0,-155000000.0,-95000000.0,-270000000.0,-428000000.0,-435000000.0,-698000000,-793000000,-56000000.0,-849000000,-848000000,-866000000,MDR,2019-12-31
USD,2020,1,2020-05-08,2020-05-08,193000000.0,193000000.0,1906000000.0,-1856000000.0,50000000.0,-107000000.0,-62000000.0,-57000000.0,-55000000.0,-56000000.0,-112000000,-1350000000,-8000000.0,-1358000000,-1378000000,-1382000000,MDR,2020-03-31
