Currency,Fiscal Year,Fiscal Period,Publish Date,Restated Date,Shares (Basic),Shares (Diluted),Revenue,Cost of Revenue,Gross Profit,Operating Expenses,"Selling, General & Administrative",Operating Income (Loss),Non-Operating Income (Loss),"Interest Expense, Net","Pretax Income (Loss), Adj.",Pretax Income (Loss),"Income Tax (Expense) Benefit, Net",Income (Loss) from Continuing Operations,Net Income,Net Income (Common),Ticker,Report_Date
USD,2018,1,2018-06-12,2018-06-12,7718000.0,7718000.0,28889000.0,-24664000.0,4225000.0,-5124000.0,-5124000.0,-899000.0,-266000.0,-266000.0,-1165000,-1165000,48000.0,-1117000,-1117000,-1117000,PPIH,2018-04-30
USD,2018,2,2018-09-11,2018-09-11,7820000.0,7820000.0,32325000.0,-26432000.0,5893000.0,-5245000.0,-5245000.0,648000.0,-284000.0,-284000.0,364000,364000,-639000.0,-275000,-275000,-275000,PPIH,2018-07-31
USD,2018,3,2018-12-11,2018-12-11,7877000.0,7877000.0,32806000.0,-25923000.0,6883000.0,-5801000.0,-5801000.0,1082000.0,-280000.0,-280000.0,802000,802000,-934000.0,-132000,-132000,-132000,PPIH,2018-10-31
USD,2018,4,2019-04-16,2019-04-16,7833000.0,7833000.0,34945000.0,-28607000.0,6338000.0,-4426000.0,-4426000.0,1912000.0,-292000.0,-292000.0,1620000,1620000,-625000.0,995000,995000,995000,PPIH,2019-01-31
USD,2019,1,2019-06-11,2019-06-11,7887000.0,7887000.0,24276000.0,-19554000.0,4722000.0,-5702000.0,-5702000.0,-980000.0,-210000.0,-210000.0,-1190000,-1190000,-312000.0,-1502000,-1502000,-1502000,PPIH,2019-04-30
USD,2019,2,2019-09-10,2019-09-10,7987000.0,8075000.0,36667000.0,-27014000.0,9653000.0,-5989000.0,-5989000.0,3664000.0,-209000.0,-209000.0,3455000,3455000,265000.0,3720000,3720000,3720000,PPIH,2019-07-31
USD,2019,3,2019-12-10,2019-12-10,8037000.0,8037000.0,34457000.0,-26814000.0,7643000.0,-5895000.0,-5895000.0,1748000.0,-194000.0,-194000.0,1554000,1554000,-1699000.0,-145000,-145000,-145000,PPIH,2019-10-31
USD,2019,4,2020-04-21,2020-04-21,8045000.0,9137000.0,32263000.0,-25235000.0,7028000.0,-6579000.0,-6579000.0,449000.0,767000.0,-292000.0,1216000,1216000,287000.0,1503000,1503000,1503000,PPIH,2020-01-31
USD,2020,1,2020-06-09,2021-06-08,8048000.0,8048000.0,22741000.0,-19275000.0,3466000.0,-5951000.0,-5951000.0,-2485000.0,-251000.0,-186000.0,-2736000,-2736000,215000.0,-2521000,-2521000,-2521000,PPIH,2020-04-30
