Currency,Fiscal Year,Fiscal Period,Publish Date,Restated Date,Shares (Basic),Shares (Diluted),Revenue,Cost of Revenue,Gross Profit,Operating Expenses,"Selling, General & Administrative",Operating Income (Loss),Non-Operating Income (Loss),"Interest Expense, Net","Pretax Income (Loss), Adj.",Pretax Income (Loss),"Income Tax (Expense) Benefit, Net",Income (Loss) from Continuing Operations,Net Income,Net Income (Common),Ticker,Report_Date
USD,2016,2,2016-08-01,2017-08-08,11511591.0,11525850.0,99541000.0,-40605000.0,58936000.0,-52047000.0,-29554000.0,6889000.0,-4484000.0,-4484000.0,2405000,2405000,-960000.0,1445000,1445000,1445000,HCOM,2016-06-30
USD,2016,3,2016-11-03,2017-11-08,11512280.0,11512280.0,97848000.0,-41903000.0,55945000.0,-52242000.0,-29206000.0,3703000.0,-4156000.0,-4156000.0,-453000,-453000,174000.0,-279000,-279000,-279000,HCOM,2016-09-30
USD,2016,4,2017-03-14,2018-03-13,11513479.0,11685550.0,96780000.0,-40848000.0,55932000.0,-52232000.0,-29795000.0,3700000.0,-4215000.0,-4215000.0,-515000,-515000,301000.0,-214000,-214000,-214000,HCOM,2016-12-31
USD,2017,1,2017-05-09,2018-05-10,11529046.0,11529046.0,94510000.0,-41191000.0,53319000.0,-50901000.0,-29632000.0,2418000.0,-3993000.0,-3993000.0,-1575000,-3338000,1386000.0,-1952000,-1952000,-1952000,HCOM,2017-03-31
USD,2017,2,2017-08-08,2017-08-08,11587963.0,11587963.0,91298000.0,-40181000.0,51117000.0,-48350000.0,-26608000.0,2767000.0,-3819000.0,-3819000.0,-1052000,-5878000,2402000.0,-3476000,-3476000,-3476000,HCOM,2017-06-30
USD,2017,3,2017-11-08,2017-11-08,11587963.0,11587963.0,91013000.0,-40100000.0,50913000.0,-52001000.0,-29827000.0,-1088000.0,-4150000.0,-4150000.0,-5238000,-5238000,-87481000.0,-92719000,-92719000,-92719000,HCOM,2017-09-30
USD,2017,4,2018-03-13,2018-03-13,11588768.0,11588768.0,91598000.0,-41629000.0,49969000.0,-52065000.0,-28826000.0,-2096000.0,-4452000.0,-4452000.0,-6548000,-4785000,-4309000.0,-9094000,-9094000,-9094000,HCOM,2017-12-31
USD,2018,1,2018-05-10,2018-05-10,11597918.0,11597918.0,89222000.0,-42088000.0,47134000.0,-50958000.0,-27625000.0,-3824000.0,-4136000.0,-4136000.0,-7960000,-7250000,1514000.0,-5736000,-5736000,-5736000,HCOM,2018-03-31
