Currency,Fiscal Year,Fiscal Period,Publish Date,Restated Date,Shares (Basic),Shares (Diluted),Revenue,Cost of Revenue,Gross Profit,Operating Expenses,"Selling, General & Administrative",Operating Income (Loss),Non-Operating Income (Loss),"Interest Expense, Net","Pretax Income (Loss), Adj.",Pretax Income (Loss),"Income Tax (Expense) Benefit, Net",Income (Loss) from Continuing Operations,Net Income,Net Income (Common),Ticker,Report_Date
USD,2018,3,2018-12-30,2018-12-30,126855000.0,127627000.0,1329109000.0,-946734000.0,382375000.0,-329589000.0,-325309000.0,52786000.0,-7419000.0,-7419000.0,45367000,45367000,-7867000.0,37500000,37500000,37500000,SFM,2018-09-30
USD,2018,4,2019-02-21,2019-02-21,126607000.0,127713000.0,1269338000.0,-671702000.0,597636000.0,-568892000.0,-458682000.0,28744000.0,-7412000.0,-7407000.0,21332000,21332000,-8629000.0,12703000,12703000,12703000,SFM,2018-12-31
USD,2019,1,2019-05-02,2019-05-02,123258000.0,123926000.0,1413887000.0,-929538000.0,484349000.0,-404793000.0,-374826000.0,79556000.0,-5002000.0,-5002000.0,74554000,74554000,-18162000.0,56392000,56392000,56392000,SFM,2019-03-31
USD,2019,2,2019-08-01,2019-08-01,118251000.0,118436000.0,1415736000.0,-950954000.0,464782000.0,-413450000.0,-383116000.0,51332000.0,-5438000.0,-5438000.0,45894000,45894000,-10551000.0,35343000,35343000,35343000,SFM,2019-06-30
USD,2019,3,2019-10-31,2019-10-31,118029000.0,118174000.0,1440222000.0,-963497000.0,476725000.0,-437168000.0,-404285000.0,39557000.0,-5557000.0,-5557000.0,34000000,34000000,-7740000.0,26260000,26260000,26260000,SFM,2019-09-30
USD,2019,4,2020-02-21,2020-02-21,117934000.0,118432000.0,1364990000.0,-896028000.0,468962000.0,-422047000.0,-387480000.0,46915000.0,-5195000.0,-5195000.0,41720000,41720000,-10086000.0,31634000,31634000,31634000,SFM,2019-12-31
USD,2020,1,2020-05-05,2021-05-06,117545000.0,117748000.0,1646539000.0,-1052707000.0,593832000.0,-466243000.0,-436304000.0,127589000.0,-4827000.0,-4827000.0,122762000,122762000,-30952000.0,91810000,91810000,91810000,SFM,2020-03-31
USD,2020,2,2020-07-29,2020-07-29,117832000.0,118189000.0,1642788000.0,-1030129000.0,612659000.0,-519896000.0,-488877000.0,92763000.0,-3737000.0,-3737000.0,89026000,89026000,-22024000.0,67002000,67002000,67002000,SFM,2020-06-30
