Currency,Fiscal Year,Fiscal Period,Publish Date,Restated Date,Shares (Basic),Shares (Diluted),Revenue,Cost of Revenue,Gross Profit,Operating Expenses,"Selling, General & Administrative",Operating Income (Loss),Non-Operating Income (Loss),"Interest Expense, Net","Pretax Income (Loss), Adj.",Pretax Income (Loss),"Income Tax (Expense) Benefit, Net",Income (Loss) from Continuing Operations,Net Income,Net Income (Common),Ticker,Report_Date
USD,2017,2,2017-08-10,2018-08-13,15317101.0,15479357.0,51699930.0,-39628164.0,12071766.0,-6876597.0,-4739311.0,5195169.0,-313463.0,-380531.0,4881706,5057908,-595708.0,4462200,4371237,4371237,HPJ,2017-06-30
USD,2017,3,2017-11-14,2018-11-13,15369674.0,15518764.0,71405560.0,-57845224.0,13560336.0,-8253421.0,-5819493.0,5306915.0,-193503.0,57663.0,5113412,6166814,-1013919.0,5152895,5024193,5024193,HPJ,2017-09-30
USD,2017,4,2018-04-04,2018-11-13,15500720.0,15444334.0,79193974.0,-67387042.0,11806932.0,-10765602.0,-7638672.0,1041330.0,-86595.0,-500362.0,954735,7104192,-2117933.0,4986259,4841773,4841773,HPJ,2017-12-31
USD,2018,1,2018-05-11,2018-05-11,15509658.0,15509658.0,49783453.0,-42217126.0,7566327.0,-8651743.0,-6089906.0,-1085416.0,-218291.0,-241852.0,-1303707,-1128615,9679.0,-1118936,-1118936,-1118936,HPJ,2018-03-31
USD,2018,2,2018-08-13,2018-08-13,15556361.0,15629413.0,64923960.0,-53614034.0,11309926.0,-9624598.0,-6031838.0,1685328.0,-256233.0,-312814.0,1429095,3123636,-409321.0,2714315,2714315,2714315,HPJ,2018-06-30
USD,2018,3,2018-11-13,2018-11-13,15559658.0,15597257.0,90557479.0,-73047063.0,17510416.0,-11957394.0,-8421512.0,5553022.0,-490914.0,-518912.0,5062108,7023567,-909539.0,6114028,6114028,6114028,HPJ,2018-09-30
USD,2018,4,2019-03-28,2019-03-28,15560899.0,15688380.0,88667069.0,-68178502.0,20488567.0,-12646523.0,-8844945.0,7842044.0,-527842.0,-688140.0,7314202,6517927,-1072753.0,5445174,5445174,5445174,HPJ,2018-12-31
USD,2019,1,2019-05-13,2019-05-13,15566478.0,15604907.0,58113480.0,-45452951.0,12660529.0,-10603060.0,-7616351.0,2057469.0,-403725.0,-470423.0,1653744,593180,-285459.0,307721,307721,307721,HPJ,2019-03-31
USD,2019,2,2019-08-13,2019-08-13,15567953.0,15626265.0,75807093.0,-57436018.0,18371075.0,-12687387.0,-8306988.0,5683688.0,-23125.0,-38675.0,5660563,5429739,-741516.0,4688223,4688223,4688223,HPJ,2019-06-30
