Currency,Fiscal Year,Fiscal Period,Publish Date,Restated Date,Shares (Basic),Shares (Diluted),Revenue,Cost of Revenue,Gross Profit,Operating Expenses,"Selling, General & Administrative",Operating Income (Loss),Non-Operating Income (Loss),"Interest Expense, Net","Pretax Income (Loss), Adj.",Pretax Income (Loss),"Income Tax (Expense) Benefit, Net",Income (Loss) from Continuing Operations,Net Income,Net Income (Common),Ticker,Report_Date
USD,2018,3,2018-10-25,2018-10-25,95100000.0,95800000.0,711500000.0,-402100000.0,309400000.0,-167100000.0,-167100000.0,142300000.0,-12100000.0,-14000000.0,130200000,130200000,-14100000.0,116100000,116000000,116000000,ALLE,2018-09-30
USD,2018,4,2019-02-19,2021-02-16,94800000.0,95600000.0,702400000.0,-401900000.0,300500000.0,-159100000.0,-159100000.0,141400000.0,-14200000.0,-13700000.0,127200000,127200000,5700000.0,132900000,132800000,132800000,ALLE,2018-12-31
USD,2019,1,2019-04-25,2019-04-25,94500000.0,95100000.0,655000000.0,-378100000.0,276900000.0,-168900000.0,-168900000.0,108000000.0,-12600000.0,-13700000.0,95400000,95400000,-15100000.0,80300000,80200000,80200000,ALLE,2019-03-31
USD,2019,2,2019-07-25,2019-07-25,93800000.0,94500000.0,731200000.0,-410500000.0,320700000.0,-175000000.0,-175000000.0,145700000.0,-14100000.0,-13400000.0,131600000,131600000,-22200000.0,109400000,109300000,109300000,ALLE,2019-06-30
USD,2019,3,2019-10-24,2019-10-24,93300000.0,94000000.0,748300000.0,-412800000.0,335500000.0,-167400000.0,-167400000.0,168100000.0,-17600000.0,-15600000.0,150500000,150500000,-18800000.0,131700000,131600000,131600000,ALLE,2019-09-30
USD,2019,4,2020-02-18,2020-02-18,92800000.0,93600000.0,719500000.0,-400300000.0,319200000.0,-175900000.0,-170000000.0,143300000.0,-15500000.0,-13300000.0,127800000,97700000,-17000000.0,80700000,80700000,80700000,ALLE,2019-12-31
USD,2020,1,2020-04-23,2021-04-22,92700000.0,93300000.0,674700000.0,-381600000.0,293100000.0,-167900000.0,-167900000.0,125200000.0,-16900000.0,-12900000.0,108300000,12000000,-11500000.0,500000,400000,400000,ALLE,2020-03-31
USD,2020,2,2020-07-23,2020-07-23,92300000.0,92700000.0,589500000.0,-342900000.0,246600000.0,-150100000.0,-150100000.0,96500000.0,-8600000.0,-13000000.0,87900000,87900000,-14200000.0,73700000,73700000,73700000,ALLE,2020-06-30
