Currency,Fiscal Year,Fiscal Period,Publish Date,Restated Date,Shares (Basic),Shares (Diluted),Revenue,Cost of Revenue,Gross Profit,Operating Expenses,"Selling, General & Administrative",Operating Income (Loss),Non-Operating Income (Loss),"Interest Expense, Net","Pretax Income (Loss), Adj.",Pretax Income (Loss),"Income Tax (Expense) Benefit, Net",Income (Loss) from Continuing Operations,Net Income,Net Income (Common),Ticker,Report_Date
USD,2018,2,2018-09-05,2019-09-10,182992000.0,183822000.0,1600000000.0,-978000000.0,622000000.0,-409000000.0,-384000000.0,213000000.0,-35000000.0,-35000000.0,178000000,176000000,-46000000.0,130000000,131000000,131000000,HDS,2018-08-31
USD,2018,3,2018-12-04,2019-12-10,182730000.0,183579000.0,1612000000.0,-983000000.0,629000000.0,-416000000.0,-391000000.0,213000000.0,-32000000.0,-32000000.0,181000000,112000000,-30000000.0,82000000,82000000,82000000,HDS,2018-11-30
USD,2018,4,2019-03-19,2020-03-17,174348000.0,175160000.0,1446000000.0,-874000000.0,572000000.0,-423000000.0,-396000000.0,149000000.0,-29000000.0,-29000000.0,120000000,120000000,-30000000.0,90000000,92000000,92000000,HDS,2019-02-28
USD,2019,1,2019-06-11,2020-06-09,170000000.0,170712000.0,1493000000.0,-908000000.0,585000000.0,-417000000.0,-392000000.0,168000000.0,-28000000.0,-28000000.0,140000000,142000000,-35000000.0,107000000,107000000,107000000,HDS,2019-05-31
USD,2019,2,2019-09-10,2020-09-09,169546000.0,170057000.0,1624000000.0,-991000000.0,633000000.0,-422000000.0,-396000000.0,211000000.0,-28000000.0,-28000000.0,183000000,183000000,-48000000.0,135000000,135000000,135000000,HDS,2019-08-31
USD,2019,3,2019-12-10,2020-12-04,164638000.0,165142000.0,825200000.0,-473200000.0,352000000.0,-224800000.0,-209300000.0,127200000.0,-27400000.0,-27400000.0,99800000,98500000,-25100000.0,73400000,131900000,131900000,HDS,2019-11-30
USD,2019,4,2020-03-17,2020-03-17,161436000.0,162045000.0,2203800000.0,-1370800000.0,833000000.0,-608200000.0,-568700000.0,224800000.0,-26600000.0,-26600000.0,198200000,189500000,-53900000.0,135600000,78100000,78100000,HDS,2020-02-29
USD,2020,1,2020-06-09,2020-06-09,160830000.0,161190000.0,1395000000.0,-845000000.0,550000000.0,-423000000.0,-396000000.0,127000000.0,-25000000.0,-25000000.0,102000000,96000000,-24000000.0,72000000,72000000,72000000,HDS,2020-05-31
