Currency,Fiscal Year,Fiscal Period,Publish Date,Restated Date,Shares (Basic),Shares (Diluted),Revenue,Cost of Revenue,Gross Profit,Operating Expenses,"Selling, General & Administrative",Operating Income (Loss),Non-Operating Income (Loss),"Interest Expense, Net","Pretax Income (Loss), Adj.",Pretax Income (Loss),"Income Tax (Expense) Benefit, Net",Income (Loss) from Continuing Operations,Net Income,Net Income (Common),Ticker,Report_Date
USD,2015,1,2015-04-24,2016-04-28,313152000.0,314361600.0,1695200000.0,-1282600000.0,412600000.0,-203600000.0,-174000000.0,209000000.0,-13600000.0,-7300000.0,195400000,185000000,-36900000.0,148100000,147600000,147600000,FTI_old,2015-03-31
USD,2015,2,2015-07-24,2016-07-28,312211200.0,313017600.0,1695200000.0,-1297000000.0,398200000.0,-200500000.0,-164300000.0,197700000.0,-24100000.0,-9000000.0,173600000,163900000,-55900000.0,108000000,107900000,107900000,FTI_old,2015-06-30
USD,2015,3,2015-10-23,2016-10-27,309388800.0,310464000.0,1545000000.0,-1173900000.0,371100000.0,-170200000.0,-144300000.0,200900000.0,-20800000.0,-8100000.0,180100000,102000000,-19500000.0,82500000,82000000,82000000,FTI_old,2015-09-30
USD,2015,4,2016-02-24,2016-02-24,306566400.0,307776000.0,1427300000.0,-1141300000.0,286000000.0,-189300000.0,-145700000.0,96700000.0,-31000000.0,-7900000.0,65700000,51700000,4500000.0,56200000,55600000,55600000,FTI_old,2015-12-31
USD,2016,1,2016-04-28,2016-04-28,306432000.0,307238400.0,1208700000.0,-946800000.0,261900000.0,-177000000.0,-143400000.0,84900000.0,-18800000.0,-7500000.0,66100000,25800000,-6000000.0,19800000,19800000,19800000,FTI_old,2016-03-31
USD,2016,2,2016-07-28,2016-07-28,304953600.0,306835200.0,1150300000.0,-906800000.0,243500000.0,-205700000.0,-173100000.0,37800000.0,-17000000.0,-7600000.0,20800000,9500000,-7400000.0,2100000,2200000,2200000,FTI_old,2016-06-30
USD,2016,3,2016-10-27,2016-10-27,304953600.0,306700800.0,1091200000.0,-846700000.0,244500000.0,-156200000.0,-132900000.0,88300000.0,-16400000.0,-7700000.0,71900000,36500000,9500000.0,46000000,32300000,32300000,FTI_old,2016-09-30
