Currency,Fiscal Year,Fiscal Period,Publish Date,Restated Date,Shares (Basic),Shares (Diluted),Revenue,Cost of Revenue,Gross Profit,Operating Expenses,"Selling, General & Administrative",Operating Income (Loss),Non-Operating Income (Loss),"Interest Expense, Net","Pretax Income (Loss), Adj.",Pretax Income (Loss),"Income Tax (Expense) Benefit, Net",Income (Loss) from Continuing Operations,Net Income,Net Income (Common),Ticker,Report_Date
USD,2016,3,2016-10-31,2017-11-08,38056000.0,38056000.0,55397000.0,-41151000.0,14246000.0,-15674000.0,-8321000.0,-1428000.0,139000.0,-116000.0,-1289000,-1944000,-694000.0,-2638000,-2638000,-2638000,RSYS,2016-09-30
USD,2016,4,2017-03-01,2017-08-03,38466000.0,38466000.0,40561000.0,-26948000.0,13613000.0,-16492000.0,-9208000.0,-2879000.0,771000.0,99000.0,-2108000,-3423000,-634000.0,-4057000,-4057000,-4057000,RSYS,2016-12-31
USD,2017,1,2017-05-02,2017-05-02,38715000.0,38715000.0,37610000.0,-29388000.0,8222000.0,-17122000.0,-9382000.0,-8900000.0,-569000.0,-272000.0,-9469000,-9704000,-304000.0,-10008000,-10008000,-10008000,RSYS,2017-03-31
USD,2017,2,2017-08-03,2017-08-03,38966000.0,38966000.0,35093000.0,-25085000.0,10008000.0,-15468000.0,-8214000.0,-5460000.0,-354000.0,-224000.0,-5814000,-7049000,-505000.0,-7554000,-7554000,-7554000,RSYS,2017-06-30
USD,2017,3,2017-11-08,2017-11-08,39087000.0,39087000.0,28773000.0,-27578000.0,1195000.0,-13777000.0,-7849000.0,-12582000.0,-547000.0,-431000.0,-13129000,-14473000,-938000.0,-15411000,-15411000,-15411000,RSYS,2017-09-30
USD,2017,4,2018-04-26,2018-04-26,39208000.0,39208000.0,32292000.0,-30947000.0,1345000.0,-12847000.0,-7347000.0,-11502000.0,-624000.0,-93000.0,-12126000,-17651000,-1980000.0,-19631000,-19631000,-19631000,RSYS,2017-12-31
USD,2018,1,2018-05-04,2018-05-04,39355000.0,39355000.0,26190000.0,-19222000.0,6968000.0,-11218000.0,-7334000.0,-4250000.0,-1611000.0,-1430000.0,-5861000,-5580000,-865000.0,-6445000,-6445000,-6445000,RSYS,2018-03-31
USD,2018,2,2018-08-03,2018-08-03,39493000.0,39493000.0,24413000.0,-15261000.0,9152000.0,-9887000.0,-6454000.0,-735000.0,69000.0,-1365000.0,-666000,-4310000,-324000.0,-4634000,-4634000,-4634000,RSYS,2018-06-30
USD,2018,3,2018-11-08,2018-11-08,39616000.0,39616000.0,27023000.0,-15283000.0,11740000.0,-10422000.0,-6758000.0,1318000.0,36000.0,-1411000.0,1354000,-375000,-1498000.0,-1873000,-1873000,-1873000,RSYS,2018-09-30
