Currency,Fiscal Year,Fiscal Period,Publish Date,Restated Date,Shares (Basic),Shares (Diluted),Revenue,Cost of Revenue,Gross Profit,Operating Expenses,"Selling, General & Administrative",Operating Income (Loss),Non-Operating Income (Loss),"Interest Expense, Net","Pretax Income (Loss), Adj.",Pretax Income (Loss),"Income Tax (Expense) Benefit, Net",Income (Loss) from Continuing Operations,Net Income,Net Income (Common),Ticker,Report_Date
USD,2018,4,2019-03-01,2019-03-01,90444414.0,89476751.0,235642000.0,-158020000.0,77622000.0,-22791000.0,520000.0,54831000.0,-20811000.0,-20811000.0,34020000,-101229000,1886000.0,-99343000,-98911000,-104307000,PEB,2018-12-31
USD,2019,1,2019-04-25,2019-04-25,130431074.0,130431074.0,367169000.0,-236807000.0,130362000.0,-66491000.0,-8629000.0,63871000.0,-29328000.0,-29328000.0,34543000,618000,5037000.0,5655000,5635000,-2504000,PEB,2019-03-31
USD,2019,2,2019-07-25,2019-07-25,130484956.0,130595854.0,442083000.0,-251008000.0,191075000.0,-63238000.0,-8809000.0,127837000.0,-28719000.0,-28719000.0,99118000,67097000,-6579000.0,60518000,60373000,52234000,PEB,2019-06-30
USD,2019,3,2019-10-25,2019-10-25,130484956.0,130622130.0,423552000.0,-247490000.0,176062000.0,-79619000.0,-8315000.0,96443000.0,-26465000.0,-26465000.0,69978000,34362000,-4382000.0,29980000,29891000,21752000,PEB,2019-09-30
USD,2019,4,2020-02-20,2020-02-20,130485694.0,131224166.0,379409000.0,-238863000.0,140546000.0,-68482000.0,-8294000.0,72064000.0,-23962000.0,-23962000.0,48102000,18820000,752000.0,19572000,19543000,11404000,PEB,2019-12-31
USD,2020,1,2020-05-07,2021-04-29,130555846.0,130678908.0,269107000.0,-201454000.0,67653000.0,-79838000.0,-22577000.0,-12185000.0,-23567000.0,-23591000.0,-35752000,31324000,10744000.0,42068000,41949000,33810000,PEB,2020-03-31
USD,2020,2,2020-07-30,2020-07-30,130563831.0,130563831.0,22592000.0,-40585000.0,-17993000.0,-65238000.0,-8315000.0,-83231000.0,-24091000.0,-24091000.0,-107322000,-134479000,3565000.0,-130914000,-130513000,-138652000,PEB,2020-06-30
