Currency,Fiscal Year,Fiscal Period,Publish Date,Restated Date,Shares (Basic),Shares (Diluted),Revenue,Cost of Revenue,Gross Profit,Operating Expenses,"Selling, General & Administrative",Operating Income (Loss),Non-Operating Income (Loss),"Interest Expense, Net","Pretax Income (Loss), Adj.",Pretax Income (Loss),"Income Tax (Expense) Benefit, Net",Income (Loss) from Continuing Operations,Net Income,Net Income (Common),Ticker,Report_Date
USD,2018,3,2018-11-06,2018-11-06,58454000.0,58454000.0,65304000.0,-26179000.0,39125000.0,-38146000.0,-28564000.0,979000.0,-2243000.0,-3595000.0,-1264000,-1264000,-41000.0,-1305000,-1305000,-1305000,FIVN,2018-09-30
USD,2018,4,2019-02-25,2021-03-01,59548000.0,59548000.0,72335000.0,-28339000.0,43996000.0,-38010000.0,-29559000.0,5986000.0,-2103000.0,-147000.0,3883000,3883000,-150000.0,3733000,3733000,3733000,FIVN,2018-12-31
USD,2019,1,2019-05-01,2019-05-01,59367000.0,59367000.0,74538000.0,-30851000.0,43687000.0,-44009000.0,-33463000.0,-322000.0,-1651000.0,-3396000.0,-1973000,-1973000,49000.0,-1924000,-1924000,-1924000,FIVN,2019-03-31
USD,2019,2,2019-07-31,2019-07-31,60058000.0,60058000.0,77436000.0,-31248000.0,46188000.0,-46103000.0,-35292000.0,85000.0,-1916000.0,-3406000.0,-1831000,-1831000,-29000.0,-1860000,-1860000,-1860000,FIVN,2019-06-30
USD,2019,3,2019-11-05,2019-11-05,60781000.0,60781000.0,83769000.0,-34472000.0,49297000.0,-48825000.0,-37160000.0,472000.0,-2026000.0,-3486000.0,-1554000,-1554000,-50000.0,-1604000,-1604000,-1604000,FIVN,2019-09-30
USD,2019,4,2020-02-27,2020-02-27,61278000.0,61278000.0,92263000.0,-37940000.0,54323000.0,-51291000.0,-39123000.0,3032000.0,-2122000.0,2573000.0,910000,910000,-74000.0,836000,836000,836000,FIVN,2019-12-31
USD,2020,1,2020-05-04,2021-04-29,61705000.0,61705000.0,95088000.0,-40037000.0,55051000.0,-60007000.0,-44818000.0,-4956000.0,-2412000.0,-2412000.0,-7368000,-7368000,-69000.0,-7437000,-7437000,-7437000,FIVN,2020-03-31
USD,2020,2,2020-08-03,2020-08-03,63282000.0,63282000.0,99792000.0,-42453000.0,57339000.0,-65568000.0,-48360000.0,-8229000.0,-10699000.0,-5734000.0,-18928000,-18928000,2876000.0,-16052000,-16052000,-16052000,FIVN,2020-06-30
