Currency,Fiscal Year,Fiscal Period,Publish Date,Restated Date,Shares (Basic),Shares (Diluted),Revenue,Cost of Revenue,Gross Profit,Operating Expenses,"Selling, General & Administrative",Operating Income (Loss),Non-Operating Income (Loss),"Interest Expense, Net","Pretax Income (Loss), Adj.",Pretax Income (Loss),"Income Tax (Expense) Benefit, Net",Income (Loss) from Continuing Operations,Net Income,Net Income (Common),Ticker,Report_Date
USD,2018,3,2018-08-02,2019-08-01,22497066.0,22497066.0,213130000.0,-156299000.0,56831000.0,-53073000.0,-5630000.0,3758000.0,-1170000.0,-1170000.0,2588000,2588000,-597000.0,1991000,1991000,1991000,NGVC,2018-06-30
USD,2018,4,2018-12-06,2018-12-06,22343529.0,22343529.0,217521000.0,-160219000.0,57302000.0,-53846000.0,-5161000.0,3456000.0,-1179000.0,-1179000.0,2277000,2277000,-192000.0,2085000,2085000,2085000,NGVC,2018-09-30
USD,2019,1,2019-02-07,2019-02-07,22595961.0,22595961.0,221515000.0,-162369000.0,59146000.0,-55110000.0,-5315000.0,4036000.0,-1255000.0,-1255000.0,2781000,2781000,-584000.0,2197000,2197000,2197000,NGVC,2018-12-31
USD,2019,2,2019-05-02,2019-05-02,22561825.0,22561825.0,230447000.0,-168233000.0,62214000.0,-56093000.0,-5761000.0,6121000.0,-1280000.0,-1280000.0,4841000,4841000,-981000.0,3860000,3860000,3860000,NGVC,2019-03-31
USD,2019,3,2019-08-01,2019-08-01,22525287.0,22525287.0,224411000.0,-165986000.0,58425000.0,-54590000.0,-5953000.0,3835000.0,-1256000.0,-1256000.0,2579000,2579000,-581000.0,1998000,1998000,1998000,NGVC,2019-06-30
USD,2019,4,2019-12-05,2019-12-05,22535339.0,22535339.0,227209000.0,-168241000.0,58968000.0,-56194000.0,-5808000.0,2774000.0,-1161000.0,-1161000.0,1613000,1613000,-252000.0,1361000,1361000,1361000,NGVC,2019-09-30
USD,2020,1,2020-02-06,2021-02-04,22542967.0,22542967.0,230030000.0,-169506000.0,60524000.0,-57676000.0,-5819000.0,2848000.0,-536000.0,-536000.0,2312000,2312000,-444000.0,1868000,1868000,1868000,NGVC,2019-12-31
USD,2020,2,2020-05-07,2021-05-06,22543429.0,22543429.0,277524000.0,-199701000.0,77823000.0,-64566000.0,-63916000.0,13257000.0,-516000.0,-516000.0,12741000,12741000,-3023000.0,9718000,9718000,9718000,NGVC,2020-03-31
USD,2020,3,2020-08-06,2020-08-06,22510987.0,22641255.0,265110000.0,-192729000.0,72381000.0,-65695000.0,-6818000.0,6686000.0,-505000.0,-505000.0,6181000,6181000,-1490000.0,4691000,4691000,4691000,NGVC,2020-06-30
