Currency,Fiscal Year,Fiscal Period,Publish Date,Restated Date,Shares (Basic),Shares (Diluted),Revenue,Cost of Revenue,Gross Profit,Operating Expenses,"Selling, General & Administrative",Operating Income (Loss),Non-Operating Income (Loss),"Interest Expense, Net","Pretax Income (Loss), Adj.",Pretax Income (Loss),"Income Tax (Expense) Benefit, Net",Income (Loss) from Continuing Operations,Net Income,Net Income (Common),Ticker,Report_Date
USD,2016,3,2016-11-30,2017-11-30,106600000.0,106600000.0,5029000000.0,-4067000000.0,962000000.0,-1634000000.0,-1543000000.0,-672000000.0,-113000000.0,-105000000.0,-785000000,-737000000,-11000000.0,-748000000,-748000000,-748000000,SHLDQ,2016-11-30
USD,2016,4,2017-02-28,2018-03-23,106800000.0,100000000.0,6052000000.0,-4765000000.0,1287000000.0,-1676000000.0,-1579000000.0,-389000000.0,-103000000.0,-115000000.0,-492000000,-820000000,213000000.0,-607000000,-607000000,-607000000,SHLDQ,2017-02-28
USD,2017,1,2017-05-31,2018-05-31,106800000.0,106800000.0,4199000000.0,-3268000000.0,931000000.0,-1308000000.0,-1221000000.0,-377000000.0,-176000000.0,-128000000.0,-553000000,173000000,72000000.0,245000000,245000000,245000000,SHLDQ,2017-05-31
USD,2017,2,2017-08-31,2018-09-13,106900000.0,106900000.0,4278000000.0,-3306000000.0,972000000.0,-1206000000.0,-1123000000.0,-234000000.0,-381000000.0,-123000000.0,-615000000,-240000000,-10000000.0,-250000000,-250000000,-250000000,SHLDQ,2017-08-31
USD,2017,3,2017-11-30,2018-12-13,107500000.0,107500000.0,3575000000.0,-2871000000.0,704000000.0,-1180000000.0,-1091000000.0,-476000000.0,-384000000.0,-136000000.0,-860000000,-553000000,-3000000.0,-556000000,-556000000,-556000000,SHLDQ,2017-11-30
USD,2017,4,2018-03-23,2018-03-23,108400000.0,108400000.0,4650000000.0,-3730000000.0,920000000.0,-1769000000.0,-1696000000.0,-849000000.0,390000000.0,-152000000.0,-459000000,-361000000,539000000.0,178000000,178000000,178000000,SHLDQ,2018-02-28
USD,2018,1,2018-05-31,2018-05-31,108000000.0,108000000.0,2891000000.0,-2286000000.0,605000000.0,-973000000.0,-906000000.0,-368000000.0,-198000000.0,-166000000.0,-566000000,-415000000,-9000000.0,-424000000,-424000000,-424000000,SHLDQ,2018-05-31
USD,2018,2,2018-09-13,2018-09-13,108500000.0,108500000.0,3182000000.0,-2480000000.0,702000000.0,-930000000.0,-864000000.0,-228000000.0,-325000000.0,-188000000.0,-553000000,-527000000,19000000.0,-508000000,-508000000,-508000000,SHLDQ,2018-08-31
USD,2018,3,2018-12-13,2018-12-13,109000000.0,109000000.0,2742000000.0,-2315000000.0,427000000.0,-921000000.0,-856000000.0,-494000000.0,-205000000.0,-178000000.0,-699000000,-990000000,40000000.0,-950000000,-950000000,-950000000,SHLDQ,2018-11-30
