Currency,Fiscal Year,Fiscal Period,Publish Date,Restated Date,Shares (Basic),Shares (Diluted),Revenue,Cost of Revenue,Gross Profit,Operating Expenses,"Selling, General & Administrative",Operating Income (Loss),Non-Operating Income (Loss),"Interest Expense, Net","Pretax Income (Loss), Adj.",Pretax Income (Loss),"Income Tax (Expense) Benefit, Net",Income (Loss) from Continuing Operations,Net Income,Net Income (Common),Ticker,Report_Date
USD,2015,2,2015-08-06,2016-07-26,1136354000.0,1139356000.0,2403000000.0,-1084000000.0,1319000000.0,-454000000.0,-451000000.0,865000000.0,-125000000.0,-105000000.0,740000000,4239000000,-2311000000.0,1928000000,1928000000,1928000000,RAI,2015-06-30
USD,2015,3,2015-10-27,2016-10-19,1429101000.0,1432448000.0,3161000000.0,-1404000000.0,1757000000.0,-459000000.0,-453000000.0,1298000000.0,-191000000.0,-186000000.0,1107000000,1015000000,-358000000.0,657000000,657000000,657000000,RAI,2015-09-30
USD,2015,4,2016-02-11,2017-02-09,1428220000.0,1432062000.0,3054000000.0,-1350000000.0,1704000000.0,-689000000.0,-683000000.0,1015000000.0,-180000000.0,-183000000.0,835000000,510000000,-231000000.0,279000000,279000000,279000000,RAI,2015-12-31
USD,2016,1,2016-04-26,2017-05-03,1427448000.0,1431069000.0,2917000000.0,-1165000000.0,1752000000.0,-471000000.0,-465000000.0,1281000000.0,-423000000.0,-171000000.0,858000000,5719000000,-2154000000.0,3565000000,3565000000,3565000000,RAI,2016-03-31
USD,2016,2,2016-07-26,2017-08-01,1427413000.0,1429967000.0,3195000000.0,-1275000000.0,1920000000.0,-505000000.0,-499000000.0,1415000000.0,-149000000.0,-150000000.0,1266000000,1266000000,-470000000.0,796000000,796000000,796000000,RAI,2016-06-30
USD,2016,3,2016-10-19,2016-10-19,1427277000.0,1429952000.0,3205000000.0,-1189000000.0,2016000000.0,-490000000.0,-484000000.0,1526000000.0,-158000000.0,-148000000.0,1368000000,1368000000,-507000000.0,861000000,861000000,861000000,RAI,2016-09-30
USD,2016,4,2017-03-20,2017-03-20,1425810000.0,1428744000.0,3186000000.0,-1212000000.0,1974000000.0,-488000000.0,-483000000.0,1486000000.0,-148000000.0,-149000000.0,1338000000,1338000000,-487000000.0,851000000,851000000,851000000,RAI,2016-12-31
USD,2017,1,2017-05-03,2017-05-03,1426246000.0,1429502000.0,2949000000.0,-1199000000.0,1750000000.0,-424000000.0,-418000000.0,1326000000.0,-151000000.0,-147000000.0,1175000000,1175000000,-395000000.0,780000000,780000000,780000000,RAI,2017-03-31
USD,2017,2,2017-08-01,2017-08-01,1426578000.0,1428716000.0,3318000000.0,-1278000000.0,2040000000.0,-484000000.0,-478000000.0,1556000000.0,-158000000.0,-147000000.0,1398000000,1398000000,-479000000.0,919000000,919000000,919000000,RAI,2017-06-30
