Currency,Fiscal Year,Fiscal Period,Publish Date,Restated Date,Shares (Basic),Shares (Diluted),Revenue,Cost of Revenue,Gross Profit,Operating Expenses,"Selling, General & Administrative",Operating Income (Loss),Non-Operating Income (Loss),"Interest Expense, Net","Pretax Income (Loss), Adj.",Pretax Income (Loss),"Income Tax (Expense) Benefit, Net",Income (Loss) from Continuing Operations,Net Income,Net Income (Common),Ticker,Report_Date
USD,2018,3,2018-11-06,2018-11-06,104000000.0,104000000.0,292000000.0,-84000000.0,208000000.0,-90000000.0,-6000000.0,118000000.0,-40000000.0,-74000000.0,78000000,60000000,-11000000.0,49000000,21000000,21000000,CWEN,2018-09-30
USD,2018,4,2019-03-29,2021-03-01,110000000.0,85000000.0,229000000.0,-80000000.0,149000000.0,-92000000.0,-3000000.0,57000000.0,-93000000.0,-106000000.0,-36000000,-42000000,-45000000.0,-87000000,-64000000,-64000000,CWEN,2018-12-31
USD,2019,1,2019-05-07,2019-05-07,108000000.0,108000000.0,217000000.0,-84000000.0,133000000.0,-90000000.0,-6000000.0,43000000.0,-95000000.0,-101000000.0,-52000000,-54000000,7000000.0,-47000000,-20000000,-20000000,CWEN,2019-03-31
USD,2019,2,2019-08-06,2019-08-06,108000000.0,108000000.0,284000000.0,-79000000.0,205000000.0,-96000000.0,-7000000.0,109000000.0,-118000000.0,-130000000.0,-9000000,-30000000,-4000000.0,-34000000,-22000000,-22000000,CWEN,2019-06-30
USD,2019,3,2019-11-06,2019-11-06,108000000.0,110000000.0,296000000.0,-86000000.0,210000000.0,-119000000.0,-7000000.0,91000000.0,-66000000.0,-106000000.0,25000000,24000000,11000000.0,35000000,39000000,39000000,CWEN,2019-09-30
USD,2019,4,2020-03-30,2020-03-30,112000000.0,110000000.0,235000000.0,-88000000.0,147000000.0,-125000000.0,-9000000.0,22000000.0,-33000000.0,-67000000.0,-11000000,-44000000,-6000000.0,-50000000,-8000000,-8000000,CWEN,2019-12-31
USD,2020,1,2020-05-07,2021-05-06,114000000.0,114000000.0,258000000.0,-93000000.0,165000000.0,-111000000.0,-9000000.0,54000000.0,-178000000.0,-167000000.0,-124000000,-129000000,22000000.0,-107000000,-29000000,-29000000,CWEN,2020-03-31
USD,2020,2,2020-08-06,2020-08-06,115000000.0,115000000.0,329000000.0,-87000000.0,242000000.0,-111000000.0,-12000000.0,131000000.0,-77000000.0,-93000000.0,54000000,102000000,-26000000.0,76000000,47000000,47000000,CWEN,2020-06-30
