Currency,Fiscal Year,Fiscal Period,Publish Date,Restated Date,Shares (Basic),Shares (Diluted),Revenue,Cost of Revenue,Gross Profit,Operating Expenses,"Selling, General & Administrative",Operating Income (Loss),Non-Operating Income (Loss),"Interest Expense, Net","Pretax Income (Loss), Adj.",Pretax Income (Loss),"Income Tax (Expense) Benefit, Net",Income (Loss) from Continuing Operations,Net Income,Net Income (Common),Ticker,Report_Date
USD,2018,3,2018-10-26,2018-10-26,51652000.0,52066000.0,308927000.0,-72853000.0,236074000.0,-218970000.0,-132482000.0,17104000.0,-1817000.0,-1740000.0,15287000,15287000,-2570000.0,12717000,12717000,12717000,LOGM,2018-09-30
USD,2018,4,2019-02-21,2019-02-21,50977000.0,51628000.0,310198000.0,-72853000.0,237345000.0,-217855000.0,-133861000.0,19490000.0,-1946000.0,-1793000.0,17544000,17544000,7844000.0,25388000,25388000,25388000,LOGM,2018-12-31
USD,2019,1,2019-04-26,2019-04-26,50639000.0,50639000.0,307700000.0,-77688000.0,230012000.0,-228736000.0,-148520000.0,1276000.0,-1742000.0,-1482000.0,-466000,-8940000,-99000.0,-9039000,-9039000,-9039000,LOGM,2019-03-31
USD,2019,2,2019-07-26,2019-07-26,49768000.0,49768000.0,313064000.0,-80767000.0,232297000.0,-235133000.0,-155364000.0,-2836000.0,-1818000.0,-1711000.0,-4654000,-5610000,-912000.0,-6522000,-6522000,-6522000,LOGM,2019-06-30
USD,2019,3,2019-10-25,2019-10-25,49265000.0,49368000.0,316941000.0,-81230000.0,235711000.0,-224378000.0,-145558000.0,11333000.0,-1569000.0,-1749000.0,9764000,4592000,516000.0,5108000,5108000,5108000,LOGM,2019-09-30
USD,2019,4,2020-02-14,2020-02-14,48672000.0,48569000.0,322680000.0,-83980000.0,238700000.0,-235679000.0,-156416000.0,3021000.0,-2055000.0,-1654000.0,966000,1100000,-5202000.0,-4102000,-4102000,-4102000,LOGM,2019-12-31
USD,2020,1,2020-04-24,2020-04-24,48600000.0,48600000.0,322383000.0,-84878000.0,237505000.0,-233116000.0,-159909000.0,4389000.0,-974000.0,-1413000.0,3415000,-15126000,3841000.0,-11285000,-11285000,-11285000,LOGM,2020-03-31
USD,2020,2,2020-07-29,2020-07-29,48887000.0,49186000.0,350727000.0,-93497000.0,257230000.0,-222269000.0,-151812000.0,34961000.0,-1281000.0,-907000.0,33680000,30648000,-11607000.0,19041000,19041000,19041000,LOGM,2020-06-30
