Currency,Fiscal Year,Fiscal Period,Publish Date,Restated Date,Shares (Basic),Shares (Diluted),Revenue,Cost of Revenue,Gross Profit,Operating Expenses,"Selling, General & Administrative",Operating Income (Loss),Non-Operating Income (Loss),"Interest Expense, Net","Pretax Income (Loss), Adj.",Pretax Income (Loss),"Income Tax (Expense) Benefit, Net",Income (Loss) from Continuing Operations,Net Income,Net Income (Common),Ticker,Report_Date
USD,2018,3,2018-06-05,2018-06-05,91900000.0,91900000.0,567100000.0,-159900000.0,407200000.0,-458800000.0,-359200000.0,-51600000.0,2100000.0,-6500000.0,-49500000,-49500000,2800000.0,-46700000,-46700000,-46700000,PANW,2018-04-30
USD,2018,4,2018-09-13,2018-09-13,92900000.0,92900000.0,658100000.0,-184700000.0,473400000.0,-464800000.0,-354500000.0,8600000.0,-200000.0,-10400000.0,8400000,8400000,-10700000.0,-2300000,-2300000,-2300000,PANW,2018-07-31
USD,2019,1,2018-11-30,2018-11-30,93800000.0,93800000.0,656000000.0,-183500000.0,472500000.0,-504600000.0,-391200000.0,-32100000.0,-9700000.0,-22700000.0,-41800000,-41800000,3500000.0,-38300000,-38300000,-38300000,PANW,2018-10-31
USD,2019,2,2019-02-27,2019-02-27,94000000.0,94000000.0,711200000.0,-202600000.0,508600000.0,-502000000.0,-373700000.0,6600000.0,-4600000.0,-20600000.0,2000000,2000000,-4600000.0,-2600000,-2600000,-2600000,PANW,2019-01-31
USD,2019,3,2019-05-30,2019-05-30,94400000.0,94400000.0,726600000.0,-204900000.0,521700000.0,-540400000.0,-401300000.0,-18700000.0,-2400000.0,-20600000.0,-21100000,-21100000,900000.0,-20200000,-20200000,-20200000,PANW,2019-04-30
USD,2019,4,2019-09-09,2019-09-09,95800000.0,95800000.0,805800000.0,-217400000.0,588400000.0,-598300000.0,-439600000.0,-9900000.0,-3800000.0,-20000000.0,-13700000,-13700000,-7100000.0,-20800000,-20800000,-20800000,PANW,2019-07-31
USD,2020,1,2019-11-26,2019-11-26,96600000.0,96600000.0,771900000.0,-217700000.0,554200000.0,-606000000.0,-435500000.0,-51800000.0,-2700000.0,-18900000.0,-54500000,-54500000,-5100000.0,-59600000,-59600000,-59600000,PANW,2019-10-31
USD,2020,2,2020-02-25,2021-02-23,98300000.0,98300000.0,816700000.0,-233100000.0,583600000.0,-636500000.0,-451100000.0,-52900000.0,-8200000.0,-19000000.0,-61100000,-61100000,-12600000.0,-73700000,-73700000,-73700000,PANW,2020-01-31
USD,2020,3,2020-05-22,2021-05-21,96700000.0,96700000.0,869400000.0,-258300000.0,611100000.0,-667600000.0,-471300000.0,-56500000.0,-11300000.0,-19400000.0,-67800000,-67800000,-7000000.0,-74800000,-74800000,-74800000,PANW,2020-04-30
