Currency,Fiscal Year,Fiscal Period,Publish Date,Restated Date,Shares (Basic),Shares (Diluted),Revenue,Cost of Revenue,Gross Profit,Operating Expenses,"Selling, General & Administrative",Operating Income (Loss),Non-Operating Income (Loss),"Interest Expense, Net","Pretax Income (Loss), Adj.",Pretax Income (Loss),"Income Tax (Expense) Benefit, Net",Income (Loss) from Continuing Operations,Net Income,Net Income (Common),Ticker,Report_Date
USD,2018,3,2018-10-31,2018-10-31,188822000.0,189253000.0,351076000.0,-156341000.0,194735000.0,-76829000.0,-21921000.0,117945000.0,-30756000.0,-31007000.0,87189000,90706000,-15014000.0,75692000,71902000,71902000,STAY,2018-09-30
USD,2018,4,2019-02-27,2019-02-27,186907000.0,187282000.0,289715000.0,-140004000.0,149711000.0,-75516000.0,-19948000.0,73694000.0,-28316000.0,-29798000.0,45378000,46257000,-6858000.0,39399000,-38946000,-38946000,STAY,2018-12-31
USD,2019,1,2019-05-01,2019-05-01,188348000.0,188576000.0,277669000.0,-137291000.0,140378000.0,-76452000.0,-23027000.0,63953000.0,-29426000.0,-29604000.0,34527000,34527000,-6123000.0,28404000,21934000,21934000,STAY,2019-03-31
USD,2019,2,2019-08-06,2019-08-06,188450000.0,188813000.0,323657000.0,-146907000.0,176750000.0,-76300000.0,-22287000.0,100450000.0,-29596000.0,-29767000.0,70854000,70854000,-11198000.0,59656000,53495000,53495000,STAY,2019-06-30
USD,2019,3,2019-11-06,2020-11-09,186844000.0,187015000.0,332695000.0,-152913000.0,179782000.0,-76739000.0,-22292000.0,103046000.0,-36636000.0,-36535000.0,66410000,63731000,-10501000.0,53230000,41071000,41071000,STAY,2019-09-30
USD,2019,4,2020-02-26,2020-02-26,182542000.0,182884000.0,284198000.0,-145210000.0,138988000.0,-81934000.0,-27549000.0,57024000.0,-31683000.0,-31858000.0,25341000,25341000,-1493000.0,23848000,-46832000,-46832000,STAY,2019-12-31
USD,2020,1,2020-05-06,2021-05-10,177990000.0,178171000.0,266301000.0,-145295000.0,121006000.0,-78665000.0,-23938000.0,42341000.0,-33386000.0,-32685000.0,8955000,8955000,-1110000.0,7845000,4554000,4554000,STAY,2020-03-31
USD,2020,2,2020-08-10,2020-08-10,177551000.0,177551000.0,230834000.0,-133435000.0,97399000.0,-78228000.0,-23103000.0,19172000.0,-33319000.0,-33621000.0,-14147000,-14822000,6052000.0,-8770000,-12363000,-12363000,STAY,2020-06-30
