Currency,Fiscal Year,Fiscal Period,Publish Date,Restated Date,Shares (Basic),Shares (Diluted),Revenue,Cost of Revenue,Gross Profit,Operating Expenses,"Selling, General & Administrative",Operating Income (Loss),Non-Operating Income (Loss),"Interest Expense, Net","Pretax Income (Loss), Adj.",Pretax Income (Loss),"Income Tax (Expense) Benefit, Net",Income (Loss) from Continuing Operations,Net Income,Net Income (Common),Ticker,Report_Date
USD,2018,3,2018-11-01,2019-10-31,32213000.0,32536000.0,3788000000.0,-3510500000.0,277500000.0,-206500000.0,-32600000.0,71000000.0,-13000000.0,-13000000.0,58000000,57000000,-12000000.0,45000000,45000000,45000000,MUSA,2018-09-30
USD,2018,4,2019-02-19,2021-02-19,32235000.0,32492000.0,3501700000.0,-3179500000.0,322200000.0,-208300000.0,-33900000.0,113900000.0,-12500000.0,-12600000.0,101400000,100500000,-23000000.0,77500000,77500000,77500000,MUSA,2018-12-31
USD,2019,1,2019-05-01,2020-04-30,32206000.0,32420000.0,3116400000.0,-2890200000.0,226200000.0,-207100000.0,-34600000.0,19100000.0,-12700000.0,-12900000.0,6400000,5900000,-600000.0,5300000,5300000,5300000,MUSA,2019-03-31
USD,2019,2,2019-08-08,2020-07-30,32112000.0,32328000.0,3800400000.0,-3527000000.0,273400000.0,-217200000.0,-35100000.0,56200000.0,-12400000.0,-12300000.0,43800000,43300000,-10600000.0,32700000,32700000,32700000,MUSA,2019-06-30
USD,2019,3,2019-10-31,2020-10-29,31447000.0,31704000.0,3657600000.0,-3319500000.0,338100000.0,-217000000.0,-36000000.0,121100000.0,-14600000.0,-14500000.0,106500000,91300000,-22100000.0,69200000,69200000,69200000,MUSA,2019-09-30
USD,2019,4,2020-02-18,2021-02-19,30611000.0,30980000.0,3460200000.0,-3171400000.0,288800000.0,-214800000.0,-38900000.0,74000000.0,-11600000.0,-12000000.0,62400000,61900000,-14300000.0,47600000,47600000,47600000,MUSA,2019-12-31
USD,2020,1,2020-04-30,2021-04-29,30235000.0,30541000.0,3184800000.0,-2839800000.0,345000000.0,-213700000.0,-39200000.0,131300000.0,-13500000.0,-12500000.0,117800000,117300000,-28000000.0,89300000,89300000,89300000,MUSA,2020-03-31
USD,2020,2,2020-07-30,2020-07-30,29181000.0,29495000.0,2379600000.0,-1936500000.0,443100000.0,-208400000.0,-37100000.0,234700000.0,-12500000.0,-12800000.0,222200000,223000000,-54100000.0,168900000,168900000,168900000,MUSA,2020-06-30
