Currency,Fiscal Year,Fiscal Period,Publish Date,Restated Date,Shares (Basic),Shares (Diluted),Revenue,Cost of Revenue,Gross Profit,Operating Expenses,"Selling, General & Administrative",Operating Income (Loss),Non-Operating Income (Loss),"Interest Expense, Net","Pretax Income (Loss), Adj.",Pretax Income (Loss),"Income Tax (Expense) Benefit, Net",Income (Loss) from Continuing Operations,Net Income,Net Income (Common),Ticker,Report_Date
USD,2018,2,2018-07-26,2018-07-26,155176000.0,155176000.0,304642000.0,-43417000.0,261225000.0,-261327000.0,-138257000.0,-102000.0,-4743000.0,-1226000.0,-4845000,-24445000,-8204000.0,-32649000,-32649000,-32649000,ALKS,2018-06-30
USD,2018,3,2018-10-23,2018-10-23,155328000.0,155328000.0,248720000.0,-39410000.0,209310000.0,-246468000.0,-128777000.0,-37158000.0,-875000.0,-785000.0,-38033000,-33833000,-611000.0,-34444000,-34444000,-34444000,ALKS,2018-09-30
USD,2018,4,2019-02-15,2021-02-11,155520000.0,155520000.0,315762000.0,-49117000.0,266645000.0,-266625000.0,-141227000.0,20000.0,589000.0,-186000.0,609000,-1691000,-8022000.0,-9713000,-9713000,-9713000,ALKS,2018-12-31
USD,2019,1,2019-04-25,2019-04-25,156336000.0,156336000.0,223102000.0,-45361000.0,177741000.0,-253742000.0,-141220000.0,-76001000.0,-1651000.0,70000.0,-77652000,-100252000,3854000.0,-96398000,-96398000,-96398000,ALKS,2019-03-31
USD,2019,2,2019-07-25,2019-07-25,156991000.0,156991000.0,279872000.0,-46223000.0,233649000.0,-269572000.0,-155075000.0,-35923000.0,2037000.0,186000.0,-33886000,-40386000,-1604000.0,-41990000,-41990000,-41990000,ALKS,2019-06-30
USD,2019,3,2019-10-23,2019-10-23,157199000.0,157199000.0,255243000.0,-42319000.0,212924000.0,-266545000.0,-148701000.0,-53621000.0,-1540000.0,124000.0,-55161000,-53861000,983000.0,-52878000,-52878000,-52878000,ALKS,2019-09-30
USD,2019,4,2020-02-13,2020-02-13,157678000.0,157678000.0,412730000.0,-46482000.0,366248000.0,-362781000.0,-154453000.0,3467000.0,2377000.0,-5000.0,5844000,-2557000,-2797000.0,-5354000,-5354000,-5354000,ALKS,2019-12-31
USD,2020,1,2020-04-29,2021-04-28,158095000.0,158095000.0,246220000.0,-47211000.0,199009000.0,-236379000.0,-133372000.0,-37370000.0,-755000.0,-97000.0,-38125000,-31325000,-7329000.0,-38654000,-38654000,-38654000,ALKS,2020-03-31
USD,2020,2,2020-07-29,2020-07-29,158895000.0,158895000.0,247529000.0,-45053000.0,202476000.0,-236137000.0,-132025000.0,-33661000.0,2003000.0,-334000.0,-31658000,-25758000,-3673000.0,-29431000,-29431000,-29431000,ALKS,2020-06-30
