Currency,Fiscal Year,Fiscal Period,Publish Date,Restated Date,Shares (Basic),Shares (Diluted),Revenue,Cost of Revenue,Gross Profit,Operating Expenses,"Selling, General & Administrative",Operating Income (Loss),Non-Operating Income (Loss),"Interest Expense, Net","Pretax Income (Loss), Adj.",Pretax Income (Loss),"Income Tax (Expense) Benefit, Net",Income (Loss) from Continuing Operations,Net Income,Net Income (Common),Ticker,Report_Date
USD,2016,1,2016-05-04,2017-05-05,56690000.0,56690000.0,48378000.0,-18223000.0,30155000.0,-34400000.0,-27158000.0,-4245000.0,182000.0,182000.0,-4063000,-4379000,-156000.0,-4535000,-4535000,-4535000,CALD,2016-03-31
USD,2016,2,2016-08-04,2017-08-04,57098000.0,57098000.0,49751000.0,-18469000.0,31282000.0,-36226000.0,-28978000.0,-4944000.0,-316000.0,-316000.0,-5260000,-5346000,-341000.0,-5687000,-5687000,-5687000,CALD,2016-06-30
USD,2016,3,2016-11-03,2017-11-09,58009000.0,58009000.0,52507000.0,-20177000.0,32330000.0,-35888000.0,-27251000.0,-3558000.0,-51000.0,-51000.0,-3609000,-3689000,-258000.0,-3947000,-3947000,-3947000,CALD,2016-09-30
USD,2016,4,2017-03-02,2017-05-05,63611000.0,63611000.0,56082000.0,-21208000.0,34874000.0,-39594000.0,-31009000.0,-4720000.0,-204000.0,-204000.0,-4924000,-4424000,-373000.0,-4797000,-4797000,-4797000,CALD,2016-12-31
USD,2017,1,2017-05-05,2017-05-05,64368000.0,64368000.0,58141000.0,-22962000.0,35179000.0,-41358000.0,-32057000.0,-6179000.0,46000.0,46000.0,-6133000,-6730000,-168000.0,-6898000,-6898000,-6898000,CALD,2017-03-31
USD,2017,2,2017-08-04,2017-08-04,65079000.0,65079000.0,61263000.0,-24454000.0,36809000.0,-43616000.0,-34339000.0,-6807000.0,248000.0,248000.0,-6559000,-6934000,-413000.0,-7347000,-7347000,-7347000,CALD,2017-06-30
USD,2017,3,2017-11-09,2017-11-09,65624000.0,65624000.0,64176000.0,-24914000.0,39262000.0,-42780000.0,-33807000.0,-3518000.0,290000.0,290000.0,-3228000,-3385000,-442000.0,-3827000,-3827000,-3827000,CALD,2017-09-30
USD,2017,4,2018-03-22,2018-03-22,66017000.0,66017000.0,69511000.0,-26162000.0,43349000.0,-47104000.0,-36974000.0,-3755000.0,371000.0,371000.0,-3384000,-3444000,1243000.0,-2201000,-2201000,-2201000,CALD,2017-12-31
