Currency,Fiscal Year,Fiscal Period,Publish Date,Restated Date,Shares (Basic),Shares (Diluted),Revenue,Cost of Revenue,Gross Profit,Operating Expenses,"Selling, General & Administrative",Operating Income (Loss),Non-Operating Income (Loss),"Interest Expense, Net","Pretax Income (Loss), Adj.",Pretax Income (Loss),"Income Tax (Expense) Benefit, Net",Income (Loss) from Continuing Operations,Net Income,Net Income (Common),Ticker,Report_Date
USD,2018,2,2018-08-09,2019-08-07,16149617.0,16149617.0,10857000.0,-9267000.0,1590000.0,-9588000.0,-6353000.0,-7998000.0,-21000.0,-73000.0,-8019000,-8019000,-18000.0,-8037000,-8037000,-8037000,XONE,2018-06-30
USD,2018,3,2018-11-08,2019-11-07,16182818.0,16182818.0,16589000.0,-10016000.0,6573000.0,-7644000.0,-5200000.0,-1071000.0,765000.0,-73000.0,-306000,-306000,-17000.0,-323000,-323000,-323000,XONE,2018-09-30
USD,2018,4,2019-03-15,2020-03-12,16234719.0,16234719.0,25305000.0,-15143000.0,10162000.0,-7709000.0,-5439000.0,2453000.0,-267000.0,-75000.0,2186000,2186000,-108000.0,2078000,2078000,2078000,XONE,2018-12-31
USD,2019,1,2019-05-09,2020-05-07,16253104.0,16253104.0,9579000.0,-6937000.0,2642000.0,-7855000.0,-5423000.0,-5213000.0,-83000.0,-71000.0,-5296000,-5296000,800000.0,-4496000,-4496000,-4496000,XONE,2019-03-31
USD,2019,2,2019-08-07,2020-08-06,16301157.0,16301157.0,15279000.0,-10137000.0,5142000.0,-8704000.0,-6167000.0,-3562000.0,-128000.0,-71000.0,-3690000,-3690000,-99000.0,-3789000,-3789000,-3789000,XONE,2019-06-30
USD,2019,3,2019-11-07,2020-11-05,16332974.0,16332974.0,10884000.0,-8006000.0,2878000.0,-7756000.0,-5326000.0,-4878000.0,49000.0,-85000.0,-4829000,-4829000,-15000.0,-4844000,-4844000,-4844000,XONE,2019-09-30
USD,2019,4,2020-03-12,2021-03-11,16349801.0,16349801.0,17534000.0,-10768000.0,6766000.0,-8161000.0,-5676000.0,-1395000.0,-292000.0,-116000.0,-1687000,-1687000,-279000.0,-1966000,-1966000,-1966000,XONE,2019-12-31
USD,2020,1,2020-05-07,2021-05-17,16369390.0,16369390.0,13383000.0,-9754000.0,3629000.0,-8639000.0,-6163000.0,-5010000.0,126000.0,-64000.0,-4884000,-3422000,-226000.0,-3648000,-3648000,-3648000,XONE,2020-03-31
USD,2020,2,2020-08-06,2020-08-06,16464345.0,16464345.0,11099000.0,-8009000.0,3090000.0,-6857000.0,-4488000.0,-3767000.0,-248000.0,-53000.0,-4015000,-4015000,-8000.0,-4023000,-4023000,-4023000,XONE,2020-06-30
