Currency,Fiscal Year,Fiscal Period,Publish Date,Restated Date,Shares (Basic),Shares (Diluted),Revenue,Cost of Revenue,Gross Profit,Operating Expenses,"Selling, General & Administrative",Operating Income (Loss),Non-Operating Income (Loss),"Interest Expense, Net","Pretax Income (Loss), Adj.",Pretax Income (Loss),"Income Tax (Expense) Benefit, Net",Income (Loss) from Continuing Operations,Net Income,Net Income (Common),Ticker,Report_Date
USD,2016,1,2016-05-31,2016-05-31,91454492.0,110544699.0,114734000.0,-44146000.0,70588000.0,-52468000.0,-27454000.0,18120000.0,-3949000.0,-3949000.0,14171000,14171000,-6292000.0,7879000,7879000,7879000,TIVO,2016-04-30
USD,2016,2,2016-08-29,2016-08-29,92382999.0,110381018.0,119454000.0,-44066000.0,75388000.0,-55236000.0,-28927000.0,20152000.0,-4091000.0,-4091000.0,16061000,16061000,-7722000.0,8339000,8339000,8339000,TIVO,2016-07-31
USD,2016,3,2016-11-29,2016-11-29,92759485.0,95188262.0,132315000.0,-59007000.0,73308000.0,-57272000.0,-29245000.0,16036000.0,-4973000.0,-4973000.0,11063000,11063000,-5783000.0,5280000,5280000,5280000,TIVO,2016-10-31
USD,2016,4,2017-03-01,2017-03-01,94458364.0,67381277.0,123109000.0,-49330000.0,73779000.0,-60905000.0,-32495000.0,12874000.0,-3331000.0,-3331000.0,9543000,-3277000,3476000.0,199000,199000,199000,TIVO,2017-01-31
USD,2017,1,2017-05-31,2017-05-31,94539000.0,96477034.0,107257000.0,-34069000.0,73188000.0,-60183000.0,-32199000.0,13005000.0,-3074000.0,-3074000.0,9931000,6203000,-2048000.0,4155000,4155000,4155000,TIVO,2017-04-30
USD,2017,2,2017-08-29,2017-08-29,95603639.0,97679600.0,107660000.0,-33783000.0,73877000.0,-50445000.0,-28407000.0,23432000.0,-2145000.0,-2145000.0,21287000,21269000,-7884000.0,13385000,13385000,13385000,TIVO,2017-07-31
