Currency,Fiscal Year,Fiscal Period,Publish Date,Restated Date,Shares (Basic),Shares (Diluted),Revenue,Cost of Revenue,Gross Profit,Operating Expenses,"Selling, General & Administrative",Operating Income (Loss),Non-Operating Income (Loss),"Interest Expense, Net","Pretax Income (Loss), Adj.",Pretax Income (Loss),"Income Tax (Expense) Benefit, Net",Income (Loss) from Continuing Operations,Net Income,Net Income (Common),Ticker,Report_Date
USD,2015,4,2016-02-25,2017-02-24,128999000.0,129506000.0,851753000.0,-322973000.0,528780000.0,-256289000.0,-210849000.0,272491000.0,1429000.0,-27806000.0,273920000,279608000,-76706000.0,202902000,164708000,164708000,SNI,2015-12-31
USD,2016,1,2016-05-06,2017-05-05,129295000.0,129790000.0,816878000.0,-279667000.0,537211000.0,-247180000.0,-198821000.0,290031000.0,-2001000.0,-33745000.0,288030000,498993000,-159047000.0,339946000,290897000,290897000,SNI,2016-03-31
USD,2016,2,2016-08-09,2017-08-04,129562000.0,130141000.0,892771000.0,-286999000.0,605772000.0,-232876000.0,-191133000.0,372896000.0,-33135000.0,-33175000.0,339761000,331655000,-98303000.0,233352000,184608000,184608000,SNI,2016-06-30
USD,2016,3,2016-11-07,2017-11-03,129586000.0,130124000.0,803085000.0,-298207000.0,504878000.0,-246961000.0,-200820000.0,257917000.0,-2860000.0,-32609000.0,255057000,257884000,-76043000.0,181841000,145997000,145997000,SNI,2016-09-30
USD,2016,4,2017-02-24,2017-02-24,129673000.0,130361000.0,888701000.0,-328355000.0,560346000.0,-274717000.0,-215959000.0,285629000.0,-42513000.0,-29912000.0,243116000,189246000,-96937000.0,92309000,52093000,52093000,SNI,2016-12-31
USD,2017,1,2017-05-05,2017-05-05,129921000.0,130743000.0,855120000.0,-279039000.0,576081000.0,-246527000.0,-207370000.0,329554000.0,23737000.0,-24252000.0,353291000,350955000,-101140000.0,249815000,199900000,199900000,SNI,2017-03-31
USD,2017,2,2017-08-04,2017-08-04,130233000.0,130884000.0,925046000.0,-299851000.0,625195000.0,-251115000.0,-212397000.0,374080000.0,28952000.0,-24203000.0,403032000,400776000,-115099000.0,285677000,234075000,234075000,SNI,2017-06-30
USD,2017,3,2017-11-03,2017-11-03,130313000.0,131262000.0,825525000.0,-318292000.0,507233000.0,-256328000.0,-224192000.0,250905000.0,-11480000.0,-23092000.0,239425000,233537000,-70454000.0,163083000,124088000,124088000,SNI,2017-09-30
USD,2017,4,2018-03-06,2018-03-06,130401000.0,131363000.0,956116000.0,-356812000.0,599304000.0,-278925000.0,-237071000.0,320379000.0,7916000.0,-21612000.0,328295000,325942000,-210166000.0,115776000,65872000,65872000,SNI,2017-12-31
