Currency,Fiscal Year,Fiscal Period,Publish Date,Restated Date,Shares (Basic),Shares (Diluted),Revenue,Cost of Revenue,Gross Profit,Operating Expenses,"Selling, General & Administrative",Operating Income (Loss),Non-Operating Income (Loss),"Interest Expense, Net","Pretax Income (Loss), Adj.",Pretax Income (Loss),"Income Tax (Expense) Benefit, Net",Income (Loss) from Continuing Operations,Net Income,Net Income (Common),Ticker,Report_Date
USD,2019,3,2019-11-07,2020-10-29,33500000.0,33500000.0,834000000.0,-716000000.0,118000000.0,-117000000.0,-88000000.0,1000000.0,-12000000.0,-20000000.0,-11000000,23000000,-4866666.666666667,23000000,23000000,23000000,LKSD,2019-09-30
USD,2019,4,2020-04-29,2020-04-29,33300000.0,33300000.0,778000000.0,-687000000.0,91000000.0,-103000000.0,-74000000.0,-12000000.0,-8000000.0,-18000000.0,-20000000,-121000000,-47000000.0,-168000000,-168000000,-168000000,LKSD,2019-12-31
USD,2020,1,2020-05-06,2020-05-06,33600000.0,33600000.0,701000000.0,-616000000.0,85000000.0,-102000000.0,-75000000.0,-17000000.0,-8000000.0,-18000000.0,-25000000,-51000000,-1000000.0,-52000000,-52000000,-52000000,LKSD,2020-03-31
USD,2020,2,2020-07-30,2020-07-31,33700000.0,33700000.0,532000000.0,-468000000.0,64000000.0,-89000000.0,-61000000.0,-25000000.0,8000000.0,-3000000.0,-17000000,-63000000,0.0,-63000000,-63000000,-63000000,LKSD,2020-06-30
