Currency,Fiscal Year,Fiscal Period,Publish Date,Restated Date,Shares (Basic),Shares (Diluted),Revenue,Cost of Revenue,Gross Profit,Operating Expenses,"Selling, General & Administrative",Operating Income (Loss),Non-Operating Income (Loss),"Interest Expense, Net","Pretax Income (Loss), Adj.",Pretax Income (Loss),"Income Tax (Expense) Benefit, Net",Income (Loss) from Continuing Operations,Net Income,Net Income (Common),Ticker,Report_Date
USD,2018,3,2018-11-02,2018-11-02,143107122.0,143107122.0,283770000.0,-128945000.0,154825000.0,-112207000.0,-89524000.0,42618000.0,-37238000.0,-37238000.0,5380000,5380000,-11715000.0,-6335000,-6335000,-6335000,EIGI,2018-09-30
USD,2018,4,2019-02-21,2019-02-21,143458307.0,156869375.0,282395000.0,-127140000.0,155255000.0,-120104000.0,-96683000.0,35151000.0,-37188000.0,-37188000.0,-2037000,-2037000,22228000.0,19926000,19926000,19926000,EIGI,2018-12-31
USD,2019,1,2019-05-03,2019-05-03,143512293.0,143512293.0,280683000.0,-123854000.0,156829000.0,-121675000.0,-97981000.0,35154000.0,-36923000.0,-36923000.0,-1769000,-1769000,-1719000.0,-3488000,-3488000,-3488000,EIGI,2019-03-31
USD,2019,2,2019-08-05,2019-08-05,145308823.0,145308823.0,278204000.0,-139587000.0,138617000.0,-121962000.0,-96614000.0,16655000.0,-36723000.0,-36723000.0,-20068000,-20068000,-6160000.0,-26228000,-26228000,-26228000,EIGI,2019-06-30
USD,2019,3,2019-11-04,2020-11-09,145951755.0,146301595.0,277193000.0,-120755000.0,156438000.0,-117709000.0,-89452000.0,38729000.0,-35752000.0,-35752000.0,2977000,2977000,4839000.0,7816000,7816000,7816000,EIGI,2019-09-30
USD,2019,4,2020-02-14,2020-11-09,146265893.0,145916053.0,277198000.0,-126100000.0,151098000.0,-121017000.0,-91939000.0,30081000.0,-34056000.0,-34056000.0,-3975000,24392000,-14839000.0,9553000,9553000,9553000,EIGI,2019-12-31
USD,2020,1,2020-05-06,2020-05-06,146027241.0,146027241.0,272194000.0,-116264000.0,155930000.0,-124941000.0,-98067000.0,30989000.0,-32564000.0,-32564000.0,-1575000,-1575000,-669000.0,-2244000,-2244000,-2244000,EIGI,2020-03-31
USD,2020,2,2020-08-06,2020-08-06,141380644.0,142258812.0,273987000.0,-113065000.0,160922000.0,-116622000.0,-91963000.0,44300000.0,-31024000.0,-31024000.0,13276000,15641000,-11043000.0,4598000,4598000,4598000,EIGI,2020-06-30
