Currency,Fiscal Year,Fiscal Period,Publish Date,Restated Date,Shares (Basic),Shares (Diluted),Revenue,Cost of Revenue,Gross Profit,Operating Expenses,"Selling, General & Administrative",Operating Income (Loss),Non-Operating Income (Loss),"Interest Expense, Net","Pretax Income (Loss), Adj.",Pretax Income (Loss),"Income Tax (Expense) Benefit, Net",Income (Loss) from Continuing Operations,Net Income,Net Income (Common),Ticker,Report_Date
USD,2017,2,2017-08-07,2018-07-30,915000000.0,938000000.0,3025000000.0,-782000000.0,2243000000.0,-1774000000.0,-518000000.0,469000000.0,-238000000.0,-236000000.0,231000000,216000000,-28000000.0,245000000,187000000,187000000,FDC,2017-06-30
USD,2017,3,2017-10-30,2018-10-31,918000000.0,944000000.0,3076000000.0,-794000000.0,2282000000.0,-1865000000.0,-565000000.0,417000000.0,-237000000.0,-233000000.0,180000000,179000000,106000000.0,340000000,296000000,296000000,FDC,2017-09-30
USD,2017,4,2018-02-21,2019-02-27,921000000.0,947000000.0,3150000000.0,-771000000.0,2379000000.0,-1883000000.0,-570000000.0,496000000.0,-206000000.0,-229000000.0,290000000,282000000,663000000.0,1000000000,946000000,946000000,FDC,2017-12-31
USD,2018,1,2018-05-01,2018-05-01,923000000.0,946000000.0,2282000000.0,-779000000.0,1503000000.0,-1155000000.0,-647000000.0,348000000.0,-236000000.0,-233000000.0,112000000,112000000,-27000000.0,134000000,101000000,101000000,FDC,2018-03-31
USD,2018,2,2018-07-30,2018-07-30,928000000.0,954000000.0,2244000000.0,-751000000.0,1493000000.0,-955000000.0,-683000000.0,538000000.0,-232000000.0,-234000000.0,306000000,305000000,37000000.0,402000000,341000000,341000000,FDC,2018-06-30
USD,2018,3,2018-10-31,2018-10-31,932000000.0,965000000.0,2369000000.0,-741000000.0,1628000000.0,-1153000000.0,-665000000.0,475000000.0,-29000000.0,-231000000.0,446000000,444000000,-54000000.0,448000000,401000000,401000000,FDC,2018-09-30
USD,2018,4,2019-02-27,2019-02-27,933000000.0,963000000.0,2603000000.0,-734000000.0,1869000000.0,-1335000000.0,-656000000.0,534000000.0,-219000000.0,-219000000.0,315000000,165000000,-5000000.0,214000000,162000000,162000000,FDC,2018-12-31
USD,2019,1,2019-04-30,2019-04-30,937000000.0,967000000.0,2316000000.0,-757000000.0,1559000000.0,-1134000000.0,-660000000.0,425000000.0,-230000000.0,-203000000.0,195000000,194000000,-29000000.0,217000000,169000000,169000000,FDC,2019-03-31
USD,2019,2,2019-07-25,2019-07-25,943000000.0,971000000.0,2485000000.0,-757000000.0,1728000000.0,-1161000000.0,-688000000.0,567000000.0,-210000000.0,-202000000.0,357000000,355000000,-85000000.0,334000000,275000000,275000000,FDC,2019-06-30
