Currency,Fiscal Year,Fiscal Period,Publish Date,Restated Date,Shares (Basic),Shares (Diluted),Revenue,Cost of Revenue,Gross Profit,Operating Expenses,"Selling, General & Administrative",Operating Income (Loss),Non-Operating Income (Loss),"Interest Expense, Net","Pretax Income (Loss), Adj.",Pretax Income (Loss),"Income Tax (Expense) Benefit, Net",Income (Loss) from Continuing Operations,Net Income,Net Income (Common),Ticker,Report_Date
USD,2015,4,2016-03-24,2017-04-12,49074858.0,49941397.0,4853000000.0,-3196000000.0,1657000000.0,-1233000000.0,-1143000000.0,447000000.0,-95000000.0,-95000000.0,352000000,352000000,-74000000.0,278000000,276000000,276000000,TOY_delist,2016-01-31
USD,2016,1,2016-06-14,2017-06-13,49074858.0,49941397.0,2319000000.0,-1473000000.0,846000000.0,-885000000.0,-805000000.0,-7000000.0,-122000000.0,-122000000.0,-129000000,-129000000,4000000.0,-125000000,-126000000,-126000000,TOY_delist,2016-04-30
USD,2016,2,2016-09-13,2017-09-27,49074858.0,49941397.0,2282000000.0,-1420000000.0,862000000.0,-867000000.0,-783000000.0,18000000.0,-102000000.0,-102000000.0,-84000000,-84000000,-9000000.0,-93000000,-95000000,-95000000,TOY_delist,2016-07-31
USD,2016,3,2016-12-13,2017-12-19,49074858.0,49941397.0,2278000000.0,-1457000000.0,821000000.0,-911000000.0,-835000000.0,-31000000.0,-121000000.0,-121000000.0,-152000000,-152000000,-3000000.0,-155000000,-156000000,-156000000,TOY_delist,2016-10-31
USD,2016,4,2017-04-12,2017-04-12,49074858.0,49941397.0,4661000000.0,-3082000000.0,1579000000.0,-1134000000.0,-1057000000.0,480000000.0,-110000000.0,-110000000.0,370000000,370000000,-26000000.0,344000000,341000000,341000000,TOY_delist,2017-01-31
USD,2017,1,2017-06-13,2017-06-13,49074858.0,49941397.0,2206000000.0,-1423000000.0,783000000.0,-854000000.0,-779000000.0,-54000000.0,-106000000.0,-106000000.0,-160000000,-160000000,-3000000.0,-163000000,-164000000,-164000000,TOY_delist,2017-04-30
USD,2017,2,2017-09-27,2017-09-27,49074858.0,49941397.0,2172000000.0,-1395000000.0,777000000.0,-773000000.0,-698000000.0,42000000.0,-122000000.0,-122000000.0,-80000000,-80000000,-85000000.0,-165000000,-166000000,-166000000,TOY_delist,2017-07-31
USD,2017,3,2017-12-19,2017-12-19,49074858.0,49941397.0,2107000000.0,-1429000000.0,678000000.0,-899000000.0,-826000000.0,-201000000.0,-87000000.0,-87000000.0,-288000000,-622000000,0.0,-622000000,-623000000,-623000000,TOY_delist,2017-10-31
