Currency,Fiscal Year,Fiscal Period,Publish Date,Restated Date,Shares (Basic),Shares (Diluted),Revenue,Cost of Revenue,Gross Profit,Operating Expenses,"Selling, General & Administrative",Operating Income (Loss),Non-Operating Income (Loss),"Interest Expense, Net","Pretax Income (Loss), Adj.",Pretax Income (Loss),"Income Tax (Expense) Benefit, Net",Income (Loss) from Continuing Operations,Net Income,Net Income (Common),Ticker,Report_Date
USD,2018,4,2018-08-07,2018-08-07,117200000.0,120600000.0,1320400000.0,-870100000.0,450300000.0,-184900000.0,-184900000.0,265400000.0,-7400000.0,-10000000.0,258000000,258000000,-51100000.0,206900000,206900000,206900000,BR,2018-06-30
USD,2019,1,2018-11-06,2018-11-06,116400000.0,119700000.0,972800000.0,-739000000.0,233800000.0,-133700000.0,-133700000.0,100100000.0,-10800000.0,-9600000.0,89300000,89300000,-12600000.0,76700000,76700000,76700000,BR,2018-09-30
USD,2019,2,2019-02-07,2019-02-07,116300000.0,119100000.0,953400000.0,-734000000.0,219400000.0,-141200000.0,-141200000.0,78200000.0,-13900000.0,-10700000.0,64300000,64300000,-14400000.0,49900000,49900000,49900000,BR,2018-12-31
USD,2019,3,2019-05-07,2019-05-07,115700000.0,118500000.0,1224800000.0,-847300000.0,377500000.0,-143900000.0,-143900000.0,233600000.0,-10000000.0,-10000000.0,223600000,223600000,-51400000.0,172200000,172200000,172200000,BR,2019-03-31
USD,2019,4,2019-08-06,2019-08-06,115200000.0,117900000.0,1211200000.0,-811600000.0,399600000.0,-158700000.0,-158700000.0,240900000.0,-10800000.0,-11500000.0,230100000,230100000,-46800000.0,183300000,183300000,183300000,BR,2019-06-30
USD,2020,1,2019-11-06,2019-11-06,114400000.0,117100000.0,948600000.0,-727500000.0,221100000.0,-148000000.0,-148000000.0,73100000.0,-9300000.0,-13100000.0,63800000,63800000,-7900000.0,55900000,55900000,55900000,BR,2019-09-30
USD,2020,2,2020-01-31,2021-02-02,114700000.0,117200000.0,968700000.0,-780900000.0,187800000.0,-161000000.0,-161000000.0,26800000.0,-16300000.0,-13900000.0,10500000,10500000,-400000.0,10100000,10100000,10100000,BR,2019-12-31
USD,2020,3,2020-05-08,2021-05-04,114600000.0,117000000.0,1249900000.0,-872500000.0,377400000.0,-151100000.0,-151100000.0,226300000.0,-15800000.0,-16200000.0,210500000,210500000,-43600000.0,166900000,166900000,166900000,BR,2020-03-31
USD,2020,4,2020-08-11,2020-08-11,115100000.0,116700000.0,1361800000.0,-884200000.0,477600000.0,-178900000.0,-178900000.0,298700000.0,-4000000.0,-15600000.0,294700000,294700000,-65100000.0,229600000,229600000,229600000,BR,2020-06-30
