Currency,Fiscal Year,Fiscal Period,Publish Date,Restated Date,Shares (Basic),Shares (Diluted),Revenue,Cost of Revenue,Gross Profit,Operating Expenses,"Selling, General & Administrative",Operating Income (Loss),Non-Operating Income (Loss),"Interest Expense, Net","Pretax Income (Loss), Adj.",Pretax Income (Loss),"Income Tax (Expense) Benefit, Net",Income (Loss) from Continuing Operations,Net Income,Net Income (Common),Ticker,Report_Date
USD,2019,1,2018-12-20,2018-12-20,948200000.0,951400000.0,33793000000.0,-26152000000.0,7641000000.0,-6280000000.0,-6280000000.0,1361000000.0,-96000000.0,-161000000.0,1265000000,1265000000,-180000000.0,1100000000,1123000000,1123000000,WBA,2018-11-30
USD,2019,2,2019-04-02,2019-04-02,928400000.0,930700000.0,34528000000.0,-26773000000.0,7755000000.0,-6320000000.0,-6320000000.0,1435000000.0,-79000000.0,-181000000.0,1356000000,1356000000,-226000000.0,1139000000,1157000000,1157000000,WBA,2019-02-28
USD,2019,3,2019-06-27,2019-06-27,909900000.0,911200000.0,34591000000.0,-27138000000.0,7453000000.0,-6235000000.0,-6235000000.0,1218000000.0,-21000000.0,-187000000.0,1197000000,1197000000,-156000000.0,1036000000,1024000000,1024000000,WBA,2019-05-31
USD,2019,4,2019-10-28,2019-10-28,899500000.0,900700000.0,33954000000.0,-26727000000.0,7227000000.0,-6407000000.0,-6407000000.0,820000000.0,-111000000.0,-175000000.0,709000000,709000000,-26000000.0,687000000,678000000,678000000,WBA,2019-08-31
USD,2020,1,2020-01-08,2021-01-07,891400000.0,892600000.0,34339000000.0,-27077000000.0,7262000000.0,-6262000000.0,-6262000000.0,1000000000.0,-118000000.0,-166000000.0,882000000,882000000,-32000000.0,841000000,844000000,844000000,WBA,2019-11-30
USD,2020,2,2020-04-02,2021-03-31,884500000.0,885500000.0,31336000000.0,-24318000000.0,7018000000.0,-5909000000.0,-5909000000.0,1109000000.0,-100000000.0,-156000000.0,1009000000,1009000000,-149000000.0,872000000,948000000,948000000,WBA,2020-02-29
USD,2020,3,2020-07-09,2021-07-01,875400000.0,875400000.0,30364000000.0,-24406000000.0,5958000000.0,-7884000000.0,-7884000000.0,-1926000000.0,63000000.0,-148000000.0,-1863000000,-1863000000,43000000.0,-1814000000,-1708000000,-1708000000,WBA,2020-05-31
