Currency,Fiscal Year,Fiscal Period,Publish Date,Restated Date,Shares (Basic),Shares (Diluted),Revenue,Cost of Revenue,Gross Profit,Operating Expenses,"Selling, General & Administrative",Operating Income (Loss),Non-Operating Income (Loss),"Interest Expense, Net","Pretax Income (Loss), Adj.",Pretax Income (Loss),"Income Tax (Expense) Benefit, Net",Income (Loss) from Continuing Operations,Net Income,Net Income (Common),Ticker,Report_Date
USD,2014,3,2014-11-03,2015-10-30,222201000.0,240685000.0,1746491000.0,-929353000.0,817138000.0,-404360000.0,-171436000.0,412778000.0,-14875000.0,-14875000.0,397903000,372919000,-110258000.0,262661000,262661000,262661000,SNDK,2014-09-30
USD,2014,4,2015-02-10,2016-02-12,217266000.0,236481000.0,1735254000.0,-995484000.0,739770000.0,-403453000.0,-163630000.0,336317000.0,-29578000.0,-29578000.0,306739000,303495000,-101604000.0,201891000,201891000,201891000,SNDK,2014-12-31
USD,2015,1,2015-04-30,2016-05-02,211428000.0,224049000.0,1332241000.0,-787239000.0,545002000.0,-386274000.0,-149867000.0,158728000.0,-23570000.0,-23570000.0,135158000,33617000,5408000.0,39025000,39025000,39025000,SNDK,2015-03-31
USD,2015,2,2015-07-31,2015-07-31,206737000.0,212712000.0,1237196000.0,-752817000.0,484379000.0,-370712000.0,-138613000.0,113667000.0,-12777000.0,-12777000.0,100890000,91144000,-10171000.0,80973000,80973000,80973000,SNDK,2015-06-30
USD,2015,3,2015-10-30,2015-10-30,203118000.0,205787000.0,1452285000.0,-849455000.0,602830000.0,-364547000.0,-139656000.0,238283000.0,-23192000.0,-23192000.0,215091000,214216000,-81205000.0,133011000,133011000,133011000,SNDK,2015-09-30
USD,2015,4,2016-04-07,2016-04-07,200489000.0,209052000.0,1543150000.0,-918292000.0,624858000.0,-376594000.0,-133400000.0,248264000.0,-28670000.0,-28670000.0,219594000,190647000,-55178000.0,135469000,135469000,135469000,SNDK,2015-12-31
USD,2016,1,2016-05-02,2016-05-02,201928000.0,209923000.0,1365736000.0,-822411000.0,543325000.0,-387204000.0,-136620000.0,156121000.0,-15350000.0,-15350000.0,140771000,121761000,-43408000.0,78353000,78353000,78353000,SNDK,2016-03-31
