Currency,Fiscal Year,Fiscal Period,Publish Date,Restated Date,Shares (Basic),Shares (Diluted),Revenue,Cost of Revenue,Gross Profit,Operating Expenses,"Selling, General & Administrative",Operating Income (Loss),Non-Operating Income (Loss),"Interest Expense, Net","Pretax Income (Loss), Adj.",Pretax Income (Loss),"Income Tax (Expense) Benefit, Net",Income (Loss) from Continuing Operations,Net Income,Net Income (Common),Ticker,Report_Date
USD,2018,2,2018-08-08,2019-08-08,84080000.0,84080000.0,227330000.0,-145796000.0,81534000.0,-90833000.0,0.0,-9299000.0,-17233000.0,-19561000.0,-26532000,-125765000,31972000.0,-93793000,-93819000,-93819000,SJI,2018-06-30
USD,2018,3,2018-11-07,2019-11-07,85506000.0,85506000.0,302480000.0,-233112000.0,69368000.0,-107960000.0,0.0,-38592000.0,-23699000.0,-26534000.0,-62291000,-62291000,16649000.0,-45642000,-45685000,-45685000,SJI,2018-09-30
USD,2018,4,2019-02-28,2021-02-25,85591000.0,88574000.0,589583000.0,-393432000.0,196151000.0,-115484000.0,0.0,80667000.0,-36811000.0,-30229000.0,43856000,53188000,-12767000.0,46032000,45927000,45927000,SJI,2018-12-31
USD,2019,1,2019-05-08,2020-05-06,91332000.0,91432000.0,637298000.0,-402387000.0,234911000.0,-100358000.0,0.0,134553000.0,-23905000.0,-28653000.0,110648000,110648000,-24949000.0,85699000,85637000,85637000,SJI,2019-03-31
USD,2019,2,2019-08-08,2020-08-06,92389000.0,92389000.0,266934000.0,-165341000.0,101593000.0,-92727000.0,0.0,8866000.0,-26816000.0,-28434000.0,-17950000,-17950000,4646000.0,-13304000,-13399000,-13399000,SJI,2019-06-30
USD,2019,3,2019-11-07,2020-11-05,92392000.0,92392000.0,261203000.0,-190366000.0,70837000.0,-90858000.0,0.0,-20021000.0,-27600000.0,-28857000.0,-47621000,-45671000,10925000.0,-34746000,-34805000,-34805000,SJI,2019-09-30
USD,2019,4,2020-02-27,2021-02-25,92407000.0,92799000.0,463191000.0,-273873000.0,189318000.0,-103899000.0,0.0,85419000.0,-31948000.0,-28533000.0,53471000,43909000,-11683000.0,39540000,39484000,39484000,SJI,2019-12-31
USD,2020,1,2020-05-06,2021-05-06,92445000.0,92556000.0,534112000.0,-266068000.0,268044000.0,-102282000.0,-71951000.0,165762000.0,-31292000.0,-32536000.0,134470000,134470000,-33370000.0,101100000,101041000,101041000,SJI,2020-03-31
USD,2020,2,2020-08-06,2020-08-06,93712000.0,93712000.0,259964000.0,-147653000.0,112311000.0,-92120000.0,71951000.0,20191000.0,-22947000.0,-28589000.0,-2756000,-2756000,178000.0,-2578000,-2639000,-2639000,SJI,2020-06-30
