Currency,Fiscal Year,Fiscal Period,Publish Date,Restated Date,Shares (Basic),Shares (Diluted),Revenue,Cost of Revenue,Gross Profit,Operating Expenses,"Selling, General & Administrative",Operating Income (Loss),Non-Operating Income (Loss),"Interest Expense, Net","Pretax Income (Loss), Adj.",Pretax Income (Loss),"Income Tax (Expense) Benefit, Net",Income (Loss) from Continuing Operations,Net Income,Net Income (Common),Ticker,Report_Date
USD,2019,1,2019-05-02,2020-04-29,112252000.0,112252000.0,340930000.0,-121305000.0,219625000.0,-221515000.0,-32086000.0,-1890000.0,-38297000.0,-37980000.0,-40187000,-223606000,46038000.0,-177568000,-177568000,-177568000,SM,2019-03-31
USD,2019,2,2019-08-02,2020-07-31,112262000.0,112932000.0,407172000.0,-123050000.0,284122000.0,-247193000.0,-30920000.0,36929000.0,-40189000.0,-39627000.0,-3260000,63978000,-13590000.0,50388000,50388000,50388000,SM,2019-06-30
USD,2019,3,2019-11-01,2020-10-30,112804000.0,113334000.0,390317000.0,-129042000.0,261275000.0,-256350000.0,-32578000.0,4925000.0,-41132000.0,-40584000.0,-36207000,58345000,-16111000.0,42234000,42234000,42234000,SM,2019-09-30
USD,2019,4,2020-02-20,2021-02-18,112858000.0,111658000.0,451686000.0,-127312000.0,324374000.0,-302925000.0,-37213000.0,21449000.0,-41458000.0,-40911000.0,-20009000,-129761000,27706000.0,-102055000,-102055000,-102055000,SM,2019-12-31
USD,2020,1,2020-04-29,2021-04-30,113009000.0,113009000.0,355734000.0,-119552000.0,236182000.0,-272851000.0,-27447000.0,-36669000.0,-42006000.0,-41512000.0,-78675000,-510903000,99008000.0,-411895000,-411895000,-411895000,SM,2020-03-31
USD,2020,2,2020-07-31,2020-07-31,113008000.0,113008000.0,169632000.0,-80445000.0,89187000.0,-225916000.0,-27227000.0,-136729000.0,-40539000.0,-40354000.0,-177268000,-125937000,36685000.0,-89252000,-89252000,-89252000,SM,2020-06-30
