Currency,Fiscal Year,Fiscal Period,Publish Date,Restated Date,Shares (Basic),Shares (Diluted),Revenue,Cost of Revenue,Gross Profit,Operating Expenses,"Selling, General & Administrative",Operating Income (Loss),Non-Operating Income (Loss),"Interest Expense, Net","Pretax Income (Loss), Adj.",Pretax Income (Loss),"Income Tax (Expense) Benefit, Net",Income (Loss) from Continuing Operations,Net Income,Net Income (Common),Ticker,Report_Date
USD,2019,2,2019-05-02,2019-05-02,130500000.0,133800000.0,1950000000.0,-1578000000.0,372000000.0,-182000000.0,-143000000.0,190000000.0,-89000000.0,-66000000.0,101000000,96000000,-22000000.0,74000000,74000000,74000000,BERY,2019-03-31
USD,2019,3,2019-07-31,2019-07-31,131500000.0,134200000.0,1937000000.0,-1557000000.0,380000000.0,-163000000.0,-125000000.0,217000000.0,-207000000.0,-71000000.0,10000000,8000000,5000000.0,13000000,13000000,13000000,BERY,2019-06-30
USD,2019,4,2019-11-22,2019-11-22,132100000.0,136600000.0,3019000000.0,-2505000000.0,514000000.0,-266000000.0,-191000000.0,248000000.0,-124000000.0,-128000000.0,124000000,274000000,-45000000.0,229000000,229000000,229000000,BERY,2019-09-30
USD,2020,1,2020-01-31,2021-02-05,132300000.0,134300000.0,2816000000.0,-2296000000.0,520000000.0,-304000000.0,-229000000.0,216000000.0,-131000000.0,-118000000.0,85000000,68000000,-21000000.0,47000000,47000000,47000000,BERY,2019-12-31
USD,2020,2,2020-05-01,2021-05-04,132400000.0,134100000.0,2975000000.0,-2391000000.0,584000000.0,-281000000.0,-204000000.0,303000000.0,-111000000.0,-111000000.0,192000000,173000000,-47000000.0,126000000,126000000,126000000,BERY,2020-03-31
USD,2020,3,2020-07-31,2020-07-31,132500000.0,134200000.0,2910000000.0,-2272000000.0,638000000.0,-272000000.0,-198000000.0,366000000.0,-103000000.0,-110000000.0,263000000,244000000,-53000000.0,191000000,191000000,191000000,BERY,2020-06-30
