Currency,Fiscal Year,Fiscal Period,Publish Date,Restated Date,Shares (Basic),Shares (Diluted),Revenue,Cost of Revenue,Gross Profit,Operating Expenses,"Selling, General & Administrative",Operating Income (Loss),Non-Operating Income (Loss),"Interest Expense, Net","Pretax Income (Loss), Adj.",Pretax Income (Loss),"Income Tax (Expense) Benefit, Net",Income (Loss) from Continuing Operations,Net Income,Net Income (Common),Ticker,Report_Date
USD,2018,2,2018-09-13,2018-09-13,11619664.0,11619664.0,63128000.0,-35409000.0,27719000.0,-30143000.0,-30143000.0,-2424000.0,-1370000.0,-1297000.0,-3794000,-3794000,-28000.0,-3822000,-3822000,-3822000,VNCE,2018-07-31
USD,2018,3,2018-12-13,2018-12-13,11621012.0,11847606.0,83526000.0,-42709000.0,40817000.0,-31850000.0,-31850000.0,8967000.0,-2232000.0,-2154000.0,6735000,6735000,30000.0,6765000,6765000,6765000,VNCE,2018-10-31
USD,2018,4,2019-04-12,2019-04-12,11622136.0,11395542.0,77783000.0,-41130000.0,36653000.0,-34693000.0,-34693000.0,1960000.0,-1280000.0,-1142000.0,680000,680000,-8000.0,672000,672000,672000,VNCE,2019-01-31
USD,2019,1,2019-06-13,2019-06-13,11629836.0,11629836.0,55122000.0,-26856000.0,28266000.0,-34015000.0,-34015000.0,-5749000.0,-1185000.0,-1077000.0,-6934000,-6934000,-42000.0,-6976000,-6976000,-6976000,VNCE,2019-04-30
USD,2019,2,2019-09-12,2019-09-12,11672914.0,11860063.0,71351000.0,-36635000.0,34716000.0,-32752000.0,-32752000.0,1964000.0,-947000.0,-947000.0,1017000,1017000,-29000.0,988000,988000,988000,VNCE,2019-07-31
USD,2019,3,2019-12-12,2019-12-12,11679380.0,11967757.0,86404000.0,-42862000.0,43542000.0,-34486000.0,-34486000.0,9056000.0,-1051000.0,-1051000.0,8005000,8005000,-35000.0,7970000,7970000,7970000,VNCE,2019-10-31
USD,2019,4,2020-06-11,2020-06-11,11680034.0,12259540.0,162310000.0,-90404000.0,71906000.0,-77258000.0,-77258000.0,-5352000.0,54067000.0,-1883000.0,48715000,28406000,8000.0,28414000,28414000,28414000,VNCE,2020-01-31
USD,2020,1,2020-07-31,2021-06-10,11693959.0,11693959.0,39018000.0,-23018000.0,16000000.0,-38544000.0,-38544000.0,-22544000.0,1282000.0,-1025000.0,-21262000,-48136000,-42000.0,-48178000,-48178000,-48178000,VNCE,2020-04-30
