Currency,Fiscal Year,Fiscal Period,Publish Date,Restated Date,Shares (Basic),Shares (Diluted),Revenue,Cost of Revenue,Gross Profit,Operating Expenses,"Selling, General & Administrative",Operating Income (Loss),Non-Operating Income (Loss),"Interest Expense, Net","Pretax Income (Loss), Adj.",Pretax Income (Loss),"Income Tax (Expense) Benefit, Net",Income (Loss) from Continuing Operations,Net Income,Net Income (Common),Ticker,Report_Date
USD,2017,1,2017-06-08,2018-06-14,37355000.0,37355000.0,464172000.0,-335606000.0,128566000.0,-163770000.0,-152892000.0,-35204000.0,-1287000.0,-1287000.0,-36491000,-36491000,-1280000.0,-37771000,-36462000,-36462000,FRED,2017-05-31
USD,2017,2,2017-09-07,2018-09-18,37461000.0,37461000.0,438527000.0,-315780000.0,122747000.0,-150377000.0,-139712000.0,-27630000.0,-1437000.0,-1437000.0,-29067000,-29067000,150000.0,-28917000,-29517000,-29517000,FRED,2017-08-31
USD,2017,3,2017-12-07,2018-12-14,37626000.0,37626000.0,324329000.0,-254298000.0,70031000.0,-118255000.0,-109667000.0,-48224000.0,-1647000.0,-1647000.0,-49871000,-49871000,-567000.0,-50438000,-51815000,-51815000,FRED,2017-11-30
USD,2017,4,2018-05-04,2018-05-04,37126000.0,37126000.0,578377000.0,-440590000.0,137787000.0,-158458000.0,-146009000.0,-20671000.0,-1926000.0,-1926000.0,-22597000,-22597000,456000.0,-22141000,-32391000,-32391000,FRED,2018-02-28
USD,2018,1,2018-06-14,2018-06-14,36485000.0,36485000.0,437114000.0,-325507000.0,111607000.0,-129670000.0,-119640000.0,-18063000.0,-1988000.0,-1988000.0,-20051000,-20051000,196000.0,-19855000,-22011000,-22011000,FRED,2018-05-31
USD,2018,2,2018-09-18,2018-09-18,36687000.0,36687000.0,419658000.0,-319193000.0,100465000.0,-121898000.0,-112086000.0,-21433000.0,-1720000.0,-1720000.0,-23153000,-23153000,229000.0,-22924000,-32304000,-32304000,FRED,2018-08-31
USD,2018,3,2018-12-14,2018-12-14,36962000.0,36962000.0,306413000.0,-229446000.0,76967000.0,-105640000.0,-98008000.0,-28673000.0,-2073000.0,-2073000.0,-30746000,-30746000,-71000.0,-30817000,-27379000,-27379000,FRED,2018-11-30
USD,2018,4,2019-05-03,2019-05-03,35906000.0,35906000.0,108561000.0,-74631000.0,33930000.0,-62068000.0,-58269000.0,-28138000.0,-1800000.0,-1800000.0,-29938000,-63181000,-406000.0,-63587000,68727000,68727000,FRED,2019-02-28
USD,2019,1,2019-06-18,2019-06-18,35211000.0,35211000.0,318951000.0,-244352000.0,74599000.0,-101091000.0,-96036000.0,-26492000.0,-2754000.0,-2754000.0,-29246000,-29543000,0.0,-29543000,-33940000,-33940000,FRED,2019-05-31
