Currency,Fiscal Year,Fiscal Period,Publish Date,Restated Date,Shares (Basic),Shares (Diluted),Revenue,Cost of Revenue,Gross Profit,Operating Expenses,"Selling, General & Administrative",Operating Income (Loss),Non-Operating Income (Loss),"Interest Expense, Net","Pretax Income (Loss), Adj.",Pretax Income (Loss),"Income Tax (Expense) Benefit, Net",Income (Loss) from Continuing Operations,Net Income,Net Income (Common),Ticker,Report_Date
USD,2018,3,2018-11-01,2018-11-01,57726790.0,58545061.0,133288000.0,-22125000.0,111163000.0,-74918000.0,-59231000.0,36245000.0,199000.0,-384000.0,36444000,36444000,-7675000.0,28769000,28769000,28769000,PAYC,2018-09-30
USD,2018,4,2019-02-14,2021-02-18,57488135.0,58325366.0,150332000.0,-24102000.0,126230000.0,-82817000.0,-65604000.0,43413000.0,-714000.0,-348000.0,42699000,42699000,-11285000.0,31414000,31414000,31414000,PAYC,2018-12-31
USD,2019,1,2019-05-02,2019-05-02,57357490.0,58316154.0,199943000.0,-29318000.0,170625000.0,-108137000.0,-84843000.0,62488000.0,-376000.0,-276000.0,62112000,62112000,-14830000.0,47282000,47282000,47282000,PAYC,2019-03-31
USD,2019,2,2019-08-01,2019-08-01,57569000.0,58410000.0,169313000.0,-25239000.0,144074000.0,-91188000.0,-69035000.0,52886000.0,-521000.0,-258000.0,52365000,52365000,-3603000.0,48762000,48762000,48762000,PAYC,2019-06-30
USD,2019,3,2019-10-31,2019-10-31,57654000.0,58383000.0,175006000.0,-26392000.0,148614000.0,-98058000.0,-72788000.0,50556000.0,-65000.0,-260000.0,50491000,50491000,-11339000.0,39152000,39152000,39152000,PAYC,2019-09-30
USD,2019,4,2020-02-13,2020-02-13,57663510.0,58470846.0,193409000.0,-28798000.0,164611000.0,-104317000.0,-80154000.0,60294000.0,825000.0,-146000.0,61119000,61119000,-15739000.0,45380000,45380000,45380000,PAYC,2019-12-31
USD,2020,1,2020-04-30,2021-05-06,57655000.0,58440000.0,242368000.0,-30046000.0,212322000.0,-123058000.0,-95152000.0,89264000.0,-946000.0,-16000.0,88318000,88318000,-25303000.0,63015000,63015000,63015000,PAYC,2020-03-31
USD,2020,2,2020-08-06,2020-08-06,57568000.0,58237000.0,181587000.0,-29558000.0,152029000.0,-125453000.0,-96901000.0,26576000.0,159000.0,-3000.0,26735000,26735000,1854000.0,28589000,28589000,28589000,PAYC,2020-06-30
