Currency,Fiscal Year,Fiscal Period,Publish Date,Restated Date,Shares (Basic),Shares (Diluted),Revenue,Cost of Revenue,Gross Profit,Operating Expenses,"Selling, General & Administrative",Operating Income (Loss),Non-Operating Income (Loss),"Interest Expense, Net","Pretax Income (Loss), Adj.",Pretax Income (Loss),"Income Tax (Expense) Benefit, Net",Income (Loss) from Continuing Operations,Net Income,Net Income (Common),Ticker,Report_Date
USD,2018,3,2018-12-06,2018-12-06,32211000.0,32314000.0,341570000.0,-190608000.0,150962000.0,-142477000.0,-135274000.0,8485000.0,-9169000.0,-7303000.0,-684000,-684000,3978000.0,3294000,3294000,3294000,LE,2018-10-31
USD,2018,4,2019-03-28,2019-03-28,32212000.0,33453000.0,502252000.0,-306949000.0,195303000.0,-164591000.0,-157275000.0,30712000.0,-6434000.0,-7693000.0,24278000,24278000,-8067000.0,16211000,16211000,16211000,LE,2019-01-31
USD,2019,1,2019-06-04,2019-06-04,32261000.0,32261000.0,262433000.0,-142559000.0,119874000.0,-124610000.0,-116844000.0,-4736000.0,-6967000.0,-7834000.0,-11703000,-11703000,4885000.0,-6818000,-6818000,-6818000,LE,2019-04-30
USD,2019,2,2019-09-05,2019-09-05,32368000.0,32368000.0,298267000.0,-169182000.0,129085000.0,-129646000.0,-122260000.0,-561000.0,-5627000.0,-6235000.0,-6188000,-6188000,3174000.0,-3014000,-3014000,-3014000,LE,2019-07-31
USD,2019,3,2019-12-03,2019-12-03,32371000.0,32398000.0,340023000.0,-185848000.0,154175000.0,-143268000.0,-135417000.0,10907000.0,-5955000.0,-6121000.0,4952000,4952000,-1346000.0,3606000,3606000,3606000,LE,2019-10-31
USD,2019,4,2020-03-23,2020-03-23,32372000.0,32353000.0,549478000.0,-330720000.0,218758000.0,-178931000.0,-169441000.0,39827000.0,-5526000.0,-5797000.0,34301000,34301000,-8785000.0,25516000,25516000,25516000,LE,2020-01-31
USD,2020,1,2020-07-22,2021-06-02,32448000.0,32448000.0,217008000.0,-122853000.0,94155000.0,-118867000.0,-105796000.0,-24712000.0,-5138000.0,-5311000.0,-29850000,-29850000,9207000.0,-20643000,-20643000,-20643000,LE,2020-04-30
