Currency,Fiscal Year,Fiscal Period,Publish Date,Restated Date,Shares (Basic),Shares (Diluted),Revenue,Cost of Revenue,Gross Profit,Operating Expenses,"Selling, General & Administrative",Operating Income (Loss),Non-Operating Income (Loss),"Interest Expense, Net","Pretax Income (Loss), Adj.",Pretax Income (Loss),"Income Tax (Expense) Benefit, Net",Income (Loss) from Continuing Operations,Net Income,Net Income (Common),Ticker,Report_Date
USD,2018,3,2018-05-24,2018-05-24,51747000.0,52729000.0,298421000.0,-147339000.0,151082000.0,-113373000.0,-101695000.0,37709000.0,-730000.0,-761000.0,36979000,36979000,-10979000.0,26000000,26000000,26000000,BRC,2018-04-30
USD,2018,4,2018-09-13,2018-09-13,51823000.0,52265000.0,297499000.0,-150047000.0,147452000.0,-102672000.0,-90931000.0,44780000.0,469000.0,-715000.0,45249000,45249000,-10298000.0,34951000,34951000,34951000,BRC,2018-07-31
USD,2019,1,2018-11-15,2018-11-15,52201000.0,52958000.0,293196000.0,-146657000.0,146539000.0,-105917000.0,-94591000.0,40622000.0,-729000.0,-712000.0,39893000,39893000,-9256000.0,30637000,30637000,30637000,BRC,2018-10-31
USD,2019,2,2019-02-21,2019-02-21,52532000.0,53206000.0,282426000.0,-142616000.0,139810000.0,-103780000.0,-92706000.0,36030000.0,660000.0,-717000.0,36690000,36690000,-7463000.0,29227000,29227000,29227000,BRC,2019-01-31
USD,2019,3,2019-05-23,2019-05-23,52766000.0,53480000.0,289745000.0,-143996000.0,145749000.0,-106128000.0,-94691000.0,39621000.0,1357000.0,-708000.0,40978000,40978000,-6197000.0,34781000,34781000,34781000,BRC,2019-04-30
USD,2019,4,2019-09-06,2019-09-06,52885000.0,53648000.0,295278000.0,-148698000.0,146580000.0,-100425000.0,-89094000.0,46155000.0,928000.0,-693000.0,47083000,47083000,-10470000.0,36613000,36613000,36613000,BRC,2019-07-31
USD,2020,1,2019-11-21,2020-11-19,53143000.0,53736000.0,286947000.0,-145542000.0,141405000.0,-100514000.0,-89547000.0,40891000.0,679000.0,-701000.0,41570000,41570000,-4072000.0,37498000,37498000,37498000,BRC,2019-10-31
USD,2020,2,2020-02-20,2021-02-18,53320000.0,53827000.0,276665000.0,-137538000.0,139127000.0,-97883000.0,-87366000.0,41244000.0,1113000.0,-647000.0,42357000,42357000,-8804000.0,33553000,33553000,33553000,BRC,2020-01-31
USD,2020,3,2020-05-21,2021-05-20,52607000.0,52972000.0,265943000.0,-136416000.0,129527000.0,-93037000.0,-83223000.0,36490000.0,-516000.0,-628000.0,35974000,22153000,-8520000.0,13633000,13633000,13633000,BRC,2020-04-30
