Currency,Fiscal Year,Fiscal Period,Publish Date,Restated Date,Shares (Basic),Shares (Diluted),Revenue,Cost of Revenue,Gross Profit,Operating Expenses,"Selling, General & Administrative",Operating Income (Loss),Non-Operating Income (Loss),"Interest Expense, Net","Pretax Income (Loss), Adj.",Pretax Income (Loss),"Income Tax (Expense) Benefit, Net",Income (Loss) from Continuing Operations,Net Income,Net Income (Common),Ticker,Report_Date
USD,2015,1,2015-05-12,2016-04-28,73000000.0,75000000.0,1246000000.0,-1093000000.0,153000000.0,-75000000.0,-75000000.0,78000000.0,-15000000.0,-14000000.0,63000000,23000000,0.0,23000000,41000000,41000000,LDOS_old,2015-04-30
USD,2015,2,2015-08-05,2016-07-29,73000000.0,74000000.0,1257000000.0,-1113000000.0,144000000.0,-51000000.0,-51000000.0,93000000.0,-12000000.0,-14000000.0,81000000,52000000,-15000000.0,37000000,37000000,37000000,LDOS_old,2015-07-31
USD,2015,3,2015-10-31,2015-10-31,72000000.0,73000000.0,1302000000.0,-1138000000.0,164000000.0,-53000000.0,-53000000.0,111000000.0,-14000000.0,-14000000.0,97000000,80000000,-31000000.0,49000000,49000000,49000000,LDOS_old,2015-10-31
USD,2015,4,2016-02-26,2016-02-26,74000000.0,74000000.0,907000000.0,-802000000.0,105000000.0,-22000000.0,-22000000.0,83000000.0,76000000.0,-7000000.0,159000000,200000000,-66000000.0,134000000,115000000,115000000,LDOS_old,2016-01-31
USD,2016,1,2016-04-30,2016-04-30,72000000.0,74000000.0,1312000000.0,-1154000000.0,158000000.0,-60000000.0,-60000000.0,98000000.0,-11000000.0,-11000000.0,87000000,78000000,-29000000.0,49000000,49000000,49000000,LDOS_old,2016-04-30
USD,2016,2,2016-07-31,2016-07-31,73000000.0,74000000.0,1288000000.0,-1141000000.0,147000000.0,-57000000.0,-57000000.0,90000000.0,-15000000.0,-13000000.0,75000000,60000000,-19000000.0,41000000,41000000,41000000,LDOS_old,2016-07-31
