Currency,Fiscal Year,Fiscal Period,Publish Date,Restated Date,Shares (Basic),Shares (Diluted),Revenue,Cost of Revenue,Gross Profit,Operating Expenses,"Selling, General & Administrative",Operating Income (Loss),Non-Operating Income (Loss),"Interest Expense, Net","Pretax Income (Loss), Adj.",Pretax Income (Loss),"Income Tax (Expense) Benefit, Net",Income (Loss) from Continuing Operations,Net Income,Net Income (Common),Ticker,Report_Date
USD,2018,3,2018-11-01,2019-11-01,213876000.0,214872000.0,254139000.0,-18962000.0,235177000.0,-70343000.0,-15006000.0,164834000.0,-58923000.0,-58923000.0,105911000,105911000,-1096000.0,104815000,104815000,104815000,GLPI,2018-09-30
USD,2018,4,2019-02-13,2021-02-19,214121000.0,215001000.0,303317000.0,-18100000.0,285217000.0,-101570000.0,-14547000.0,183647000.0,-77183000.0,-77183000.0,106464000,46701000,-770000.0,45931000,45931000,45931000,GLPI,2018-12-31
USD,2019,1,2019-05-07,2020-05-01,214626000.0,215288000.0,287864000.0,-19022000.0,268842000.0,-85067000.0,-17240000.0,183775000.0,-76639000.0,-76639000.0,107136000,94136000,-1126000.0,93010000,93010000,93010000,GLPI,2019-03-31
USD,2019,2,2019-08-08,2020-07-31,214664000.0,215605000.0,289013000.0,-19168000.0,269845000.0,-99078000.0,-15984000.0,170767000.0,-76275000.0,-76275000.0,94492000,94492000,-1459000.0,93033000,93033000,93033000,GLPI,2019-06-30
USD,2019,3,2019-11-01,2020-10-28,214683000.0,215325000.0,287612000.0,-18549000.0,269063000.0,-81438000.0,-15042000.0,187625000.0,-74876000.0,-74876000.0,112749000,91735000,-1188000.0,90547000,90547000,90547000,GLPI,2019-09-30
USD,2019,4,2020-02-21,2021-02-19,214695000.0,216926000.0,288984000.0,-17961000.0,271023000.0,-82675000.0,-17119000.0,188348000.0,-72974000.0,-72974000.0,115374000,115282000,-991000.0,114291000,114291000,114291000,GLPI,2019-12-31
USD,2020,1,2020-05-01,2021-04-30,215090000.0,215449000.0,283482000.0,-16503000.0,266979000.0,-80628000.0,-15987000.0,186351000.0,-71808000.0,-71808000.0,114543000,97213000,-319000.0,96894000,96894000,96894000,GLPI,2020-03-31
USD,2020,2,2020-07-31,2020-07-31,215267000.0,215932000.0,261968000.0,-4858000.0,257110000.0,-76394000.0,-13223000.0,180716000.0,-69201000.0,-69201000.0,111515000,111510000,840000.0,112350000,112350000,112350000,GLPI,2020-06-30
