Currency,Fiscal Year,Fiscal Period,Publish Date,Restated Date,Shares (Basic),Shares (Diluted),Revenue,Cost of Revenue,Gross Profit,Operating Expenses,"Selling, General & Administrative",Operating Income (Loss),Non-Operating Income (Loss),"Interest Expense, Net","Pretax Income (Loss), Adj.",Pretax Income (Loss),"Income Tax (Expense) Benefit, Net",Income (Loss) from Continuing Operations,Net Income,Net Income (Common),Ticker,Report_Date
USD,2018,4,2019-02-28,2021-02-25,288500000.0,272800000.0,-514100000.0,314500000.0,-199600000.0,167300000.0,151700000.0,-32300000.0,-91400000.0,-75400000.0,-123700000,-130300000,7800000.0,-122500000,35200000,35200000,ESI,2018-12-31
USD,2019,1,2019-05-01,2019-05-01,268200000.0,268200000.0,459800000.0,-261500000.0,198300000.0,-153200000.0,-142400000.0,45100000.0,-86100000.0,-38100000.0,-41000000,-13900000,10400000.0,-3500000,23200000,23200000,ESI,2019-03-31
USD,2019,2,2019-08-02,2019-08-02,257300000.0,259600000.0,456700000.0,-263700000.0,193000000.0,-137500000.0,-126400000.0,55500000.0,-19300000.0,-18200000.0,36200000,7900000,6800000.0,14700000,1500000,1500000,ESI,2019-06-30
USD,2019,3,2019-11-07,2019-11-07,254400000.0,254400000.0,464700000.0,-259000000.0,205700000.0,-138800000.0,-128800000.0,66900000.0,-14500000.0,-17400000.0,52400000,51200000,-57200000.0,-6000000,-6900000,-6900000,ESI,2019-09-30
USD,2019,4,2020-02-28,2020-02-28,250500000.0,258200000.0,454700000.0,-263399999.0,191300001.0,-109700000.0,-99400000.0,81600001.0,-17000000.0,-17000000.0,64600001,95700001,-21300000.0,74400001,74400001,74400001,ESI,2019-12-31
USD,2020,1,2020-04-30,2021-04-29,250300000.0,252000000.0,452600000.0,-255300000.0,197300000.0,-142700000.0,-125200000.0,54600000.0,-16300000.0,-16700000.0,38300000,12500000,-4099999.0,8400001,8600001,8600001,ESI,2020-03-31
USD,2020,2,2020-08-04,2020-08-04,248800000.0,249000000.0,387000000.0,-224500000.0,162500000.0,-123000000.0,-113400000.0,39500000.0,-18600000.0,-16900000.0,20900000,8100000,-5800000.0,2300000,1200000,1200000,ESI,2020-06-30
