Currency,Fiscal Year,Fiscal Period,Publish Date,Restated Date,Shares (Basic),Shares (Diluted),Revenue,Cost of Revenue,Gross Profit,Operating Expenses,"Selling, General & Administrative",Operating Income (Loss),Non-Operating Income (Loss),"Interest Expense, Net","Pretax Income (Loss), Adj.",Pretax Income (Loss),"Income Tax (Expense) Benefit, Net",Income (Loss) from Continuing Operations,Net Income,Net Income (Common),Ticker,Report_Date
USD,2016,1,2016-05-09,2016-05-09,38666000.0,38666000.0,407952000.0,-192847000.0,215105000.0,-200333000.0,-117654000.0,14772000.0,8041000.0,5139000.0,22813000,22813000,-11868000.0,10945000,10945000,10945000,SOHU,2016-03-31
USD,2016,2,2016-08-08,2016-08-08,38691000.0,38691000.0,420138000.0,-212258000.0,207880000.0,-236575000.0,-147616000.0,-28695000.0,-15667000.0,5040000.0,-44362000,-44362000,-2430000.0,-46792000,-46792000,-46792000,SOHU,2016-06-30
USD,2016,3,2016-11-04,2017-11-03,38728000.0,38728000.0,410582000.0,-222884000.0,187698000.0,-239261000.0,-149254000.0,-51563000.0,10498000.0,6118000.0,-41065000,-41065000,-974000.0,-42039000,-42039000,-42039000,SOHU,2016-09-30
USD,2016,4,2017-02-27,2017-02-27,38739000.0,38739000.0,411759000.0,-231811000.0,179948000.0,-231596000.0,-140097000.0,-51648000.0,20361000.0,4846000.0,-31287000,-31287000,-5800000.0,-37087000,-37087000,-37087000,SOHU,2016-12-31
USD,2017,1,2017-05-08,2017-05-08,38811000.0,38811000.0,374103000.0,-218879000.0,155224000.0,-202534000.0,-118436000.0,-47310000.0,7629000.0,4296000.0,-39681000,-39681000,-10672000.0,-50353000,-50353000,-50353000,SOHU,2017-03-31
USD,2017,2,2017-08-07,2017-08-07,38855000.0,38855000.0,461168000.0,-278194000.0,182974000.0,-222648000.0,-122502000.0,-39674000.0,4386000.0,5608000.0,-35288000,-35288000,-12764000.0,-48052000,-48052000,-48052000,SOHU,2017-06-30
USD,2017,3,2017-11-03,2017-11-03,38877000.0,38877000.0,516061000.0,-262394000.0,253667000.0,-248135000.0,-142973000.0,5532000.0,-4744000.0,5356000.0,788000,-86094000,-15927000.0,-102021000,-102021000,-102021000,SOHU,2017-09-30
USD,2017,4,2018-04-02,2018-04-02,38889000.0,38889000.0,509630000.0,-275699000.0,233931000.0,-274775000.0,-152008000.0,-40844000.0,5052000.0,4790000.0,-35792000,-35792000,-233785000.0,-269577000,-269577000,-269577000,SOHU,2017-12-31
USD,2018,1,2018-05-08,2018-05-08,38904000.0,38904000.0,454995000.0,-260833000.0,194162000.0,-225652000.0,-114109000.0,-31490000.0,7668000.0,4727000.0,-23822000,-23822000,-63379000.0,-87201000,-87201000,-87201000,SOHU,2018-03-31
