Currency,Fiscal Year,Fiscal Period,Publish Date,Restated Date,Shares (Basic),Shares (Diluted),Revenue,Cost of Revenue,Gross Profit,Operating Expenses,"Selling, General & Administrative",Operating Income (Loss),Non-Operating Income (Loss),"Interest Expense, Net","Pretax Income (Loss), Adj.",Pretax Income (Loss),"Income Tax (Expense) Benefit, Net",Income (Loss) from Continuing Operations,Net Income,Net Income (Common),Ticker,Report_Date
USD,2019,3,2019-10-29,2019-10-29,32490000.0,34076000.0,11817000.0,-2261000.0,9556000.0,-7061000.0,-7061000.0,2495000.0,-1000.0,-1000.0,2494000,2494000,-463000.0,2031000,2031000,2031000,ZYXI,2019-09-30
USD,2019,4,2020-02-27,2020-02-27,32707000.0,34102000.0,14162000.0,-2821000.0,11341000.0,-7610000.0,-7610000.0,3731000.0,-4000.0,-4000.0,3727000,3727000,-778000.0,2949000,2949000,2949000,ZYXI,2019-12-31
USD,2020,1,2020-04-28,2021-04-29,32913000.0,34204000.0,15228000.0,-3401000.0,11827000.0,-9369000.0,-9369000.0,2458000.0,-4000.0,-4000.0,2454000,2454000,483000.0,2937000,2937000,2937000,ZYXI,2020-03-31
USD,2020,2,2020-07-28,2020-07-28,33283000.0,34454000.0,19263000.0,-4061000.0,15202000.0,-11117000.0,-11117000.0,4085000.0,-5000.0,-5000.0,4080000,4080000,-1063000.0,3017000,3017000,3017000,ZYXI,2020-06-30
