Currency,Fiscal Year,Fiscal Period,Publish Date,Restated Date,Shares (Basic),Shares (Diluted),Revenue,Cost of Revenue,Gross Profit,Operating Expenses,"Selling, General & Administrative",Operating Income (Loss),Non-Operating Income (Loss),"Interest Expense, Net","Pretax Income (Loss), Adj.",Pretax Income (Loss),"Income Tax (Expense) Benefit, Net",Income (Loss) from Continuing Operations,Net Income,Net Income (Common),Ticker,Report_Date
USD,2018,4,2019-02-28,2019-02-28,42100000.0,43300000.0,1064900000.0,-1005600000.0,59300000.0,-70900000.0,-70900000.0,-11600000.0,19400000.0,-10600000.0,7800000,6500000,-7300000.0,-800000,-800000,-800000,TSE,2018-12-31
USD,2019,1,2019-05-03,2019-05-03,41300000.0,41800000.0,1013100000.0,-915700000.0,97400000.0,-68800000.0,-68800000.0,28600000.0,18000000.0,-10200000.0,46600000,46600000,-10800000.0,35800000,35800000,35800000,TSE,2019-03-31
USD,2019,2,2019-08-09,2019-08-09,40800000.0,41100000.0,951800000.0,-865600000.0,86200000.0,-71400000.0,-71400000.0,14800000.0,28900000.0,-9900000.0,43700000,43700000,-15700000.0,28000000,28000000,28000000,TSE,2019-06-30
USD,2019,3,2019-11-12,2020-11-06,40100000.0,40400000.0,922100000.0,-836900000.0,85200000.0,-67600000.0,-67600000.0,17600000.0,14200000.0,-9200000.0,31800000,31800000,-9300000.0,22500000,22500000,22500000,TSE,2019-09-30
USD,2019,4,2020-02-28,2020-02-28,39000000.0,39500000.0,888800000.0,-828700000.0,60100000.0,-92200000.0,-92200000.0,-32100000.0,14600000.0,-10000000.0,-17500000,-17500000,23200000.0,5700000,5700000,5700000,TSE,2019-12-31
USD,2020,1,2020-05-08,2021-05-07,38500000.0,38500000.0,853500000.0,-783800000.0,69700000.0,-77500000.0,-77500000.0,-7800000.0,-2100000.0,-10300000.0,-9900000,-48200000,11900000.0,-36300000,-36300000,-36300000,TSE,2020-03-31
USD,2020,2,2020-07-30,2020-07-30,38200000.0,38200000.0,569700000.0,-576800000.0,-7100000.0,-58300000.0,-58300000.0,-65400000.0,1700000.0,-11700000.0,-63700000,-63700000,-64700000.0,-128400000,-128400000,-128400000,TSE,2020-06-30
