Currency,Fiscal Year,Fiscal Period,Publish Date,Restated Date,Shares (Basic),Shares (Diluted),Revenue,Cost of Revenue,Gross Profit,Operating Expenses,"Selling, General & Administrative",Operating Income (Loss),Non-Operating Income (Loss),"Interest Expense, Net","Pretax Income (Loss), Adj.",Pretax Income (Loss),"Income Tax (Expense) Benefit, Net",Income (Loss) from Continuing Operations,Net Income,Net Income (Common),Ticker,Report_Date
USD,2019,1,2019-07-31,2019-07-31,58540000.0,60258000.0,238253000.0,-115759000.0,122494000.0,-118350000.0,-29520000.0,4144000.0,1907000.0,2285000.0,6051000,6051000,-1433000.0,4618000,4618000,4618000,CRUS,2019-06-30
USD,2019,2,2019-10-30,2019-10-30,58011000.0,60213000.0,388912000.0,-180979000.0,207933000.0,-121257000.0,-33018000.0,86676000.0,1682000.0,2250000.0,88358000,88358000,-12148000.0,76210000,76210000,76210000,CRUS,2019-09-30
USD,2019,3,2020-01-29,2021-02-01,58188000.0,60492000.0,374668000.0,-177163000.0,197505000.0,-124826000.0,-36113000.0,72679000.0,1829000.0,2392000.0,74508000,74508000,-5996000.0,68512000,68512000,68512000,CRUS,2019-12-31
USD,2019,4,2020-05-20,2020-05-20,58529000.0,60885000.0,279291000.0,-133056000.0,146235000.0,-114329000.0,-32464000.0,31906000.0,2368000.0,2474000.0,34274000,12349000,-2191000.0,10158000,10158000,10158000,CRUS,2020-03-31
USD,2020,1,2020-08-03,2020-08-03,58313000.0,60280000.0,242573000.0,-115101000.0,127472000.0,-108797000.0,-30056000.0,18675000.0,1687000.0,1576000.0,20362000,20362000,-2153000.0,18209000,18209000,18209000,CRUS,2020-06-30
