Currency,Fiscal Year,Fiscal Period,Publish Date,Restated Date,Shares (Basic),Shares (Diluted),Revenue,Cost of Revenue,Gross Profit,Operating Expenses,"Selling, General & Administrative",Operating Income (Loss),Non-Operating Income (Loss),"Interest Expense, Net","Pretax Income (Loss), Adj.",Pretax Income (Loss),"Income Tax (Expense) Benefit, Net",Income (Loss) from Continuing Operations,Net Income,Net Income (Common),Ticker,Report_Date
USD,2018,3,2018-11-06,2019-11-07,45247000.0,46839000.0,247225000.0,-111511000.0,135714000.0,-113866000.0,-71621000.0,21848000.0,-337000.0,-337000.0,21511000,21511000,1234000.0,22745000,22745000,22745000,GRUB,2018-09-30
USD,2018,4,2019-02-28,2021-03-01,45353000.0,46572000.0,287721000.0,310239000.0,597960000.0,-600716000.0,-97270000.0,-2756000.0,-2163000.0,-2163000.0,-4919000,-4919000,-231000.0,-5150000,-5150000,-5150000,GRUB,2018-12-31
USD,2019,1,2019-05-10,2020-05-11,45475500.0,46459000.0,323770000.0,-161350000.0,162420000.0,-153580000.0,-101241000.0,8840000.0,-2812000.0,-2812000.0,6028000,6028000,862000.0,6890000,6890000,6890000,GRUB,2019-03-31
USD,2019,2,2019-08-06,2020-08-10,45588500.0,46393000.0,325058000.0,-162406000.0,162652000.0,-156535000.0,-99912000.0,6117000.0,-5467000.0,-5467000.0,650000,650000,602000.0,1252000,1252000,1252000,GRUB,2019-06-30
USD,2019,3,2019-11-07,2020-11-06,45674500.0,46423500.0,322053000.0,-161387000.0,160666000.0,-157078000.0,-96946000.0,3588000.0,-6025000.0,-6025000.0,-2437000,-2437000,3447000.0,1010000,1010000,1010000,GRUB,2019-09-30
USD,2019,4,2020-02-28,2021-03-01,45755500.0,43218500.0,341270000.0,485143000.0,826413000.0,-851241000.0,-114118000.0,-24828000.0,-6189000.0,-6189000.0,-31017000,-31017000,3299000.0,-27718000,-27718000,-27718000,GRUB,2019-12-31
USD,2020,1,2020-05-11,2021-05-06,45896500.0,45896500.0,362980000.0,-36265538.461538464,362980000.0,-408888000.0,-129691000.0,-45908000.0,-6380000.0,-6380000.0,-52288000,-52288000,18861000.0,-33427000,-33427000,-33427000,GRUB,2020-03-31
USD,2020,2,2020-08-10,2020-08-10,46058000.0,46058000.0,459282000.0,-318867000.0,140415000.0,-191026000.0,-126241000.0,-50611000.0,-6816000.0,-6816000.0,-57427000,-57427000,12016000.0,-45411000,-45411000,-45411000,GRUB,2020-06-30
