Currency,Fiscal Year,Fiscal Period,Publish Date,Restated Date,Shares (Basic),Shares (Diluted),Revenue,Cost of Revenue,Gross Profit,Operating Expenses,"Selling, General & Administrative",Operating Income (Loss),Non-Operating Income (Loss),"Interest Expense, Net","Pretax Income (Loss), Adj.",Pretax Income (Loss),"Income Tax (Expense) Benefit, Net",Income (Loss) from Continuing Operations,Net Income,Net Income (Common),Ticker,Report_Date
USD,2018,2,2018-08-10,2018-08-10,5366382.0,5514452.0,4795863.0,-2440660.0,2355203.0,-1661425.0,-912606.0,693778.0,-2475.0,-2475.0,691303,-58139,8684.0,-49455,-49455,-49455,LEATPK,2018-06-30
USD,2018,3,2018-11-13,2018-11-13,5366382.0,5504664.0,8579507.0,-4574205.0,4005302.0,-1781437.0,-1055869.0,2223865.0,-2393.0,-2393.0,2221472,1477002,-370658.0,1106344,1106344,1106344,LEATPK,2018-09-30
USD,2018,4,2019-03-27,2019-03-27,5367702.0,5564676.0,5514400.0,-3059491.0,2454909.0,-1523062.0,-846673.0,931847.0,47440.0,47440.0,979287,-80537,79673.0,-864,-864,-864,LEATPK,2018-12-31
USD,2019,1,2019-05-13,2019-05-13,5380747.0,5556134.0,6090928.0,-3228826.0,2862102.0,-1709072.0,-1031228.0,1153030.0,-3021.0,-3021.0,1150009,12317,-3079.0,9238,9238,9238,LEATPK,2019-03-31
USD,2019,2,2019-08-08,2019-08-08,5386723.0,5548176.0,5277066.0,-2646430.0,2630636.0,-1696872.0,-993308.0,933764.0,-572.0,-572.0,933192,101904,-28204.0,73700,73700,73700,LEATPK,2019-06-30
USD,2019,3,2019-11-12,2019-11-12,5386723.0,5532275.0,9649335.0,-5152688.0,4496647.0,-1730990.0,-1005687.0,2765657.0,-449.0,-449.0,2765208,1761037,-440259.0,1320778,1320778,1320778,LEATPK,2019-09-30
USD,2019,4,2020-03-24,2020-03-24,5386803.0,5547807.0,7300488.0,-4283069.0,3017419.0,-5690809.0,-911857.0,-2673390.0,-34258.0,4042.0,-2707648,67199,-95187.0,-27988,-27988,-27988,LEATPK,2019-12-31
USD,2020,1,2020-05-13,2021-05-12,5386723.0,5534890.0,7541874.0,-4018421.0,3523453.0,-2203411.0,-1144318.0,1320042.0,-8629.0,6998.09375,1311413,483264,-120816.0,362448,362448,362448,LEATPK,2020-03-31
USD,2020,2,2020-08-13,2020-08-13,5386723.0,5548476.0,6943130.0,-3688623.0,3254507.0,-1470805.0,-767156.0,1783702.0,-9477.0,-9477.0,1774225,899343,-224836.0,674507,674507,674507,LEATPK,2020-06-30
