Currency,Fiscal Year,Fiscal Period,Publish Date,Restated Date,Shares (Basic),Shares (Diluted),Revenue,Cost of Revenue,Gross Profit,Operating Expenses,"Selling, General & Administrative",Operating Income (Loss),Non-Operating Income (Loss),"Interest Expense, Net","Pretax Income (Loss), Adj.",Pretax Income (Loss),"Income Tax (Expense) Benefit, Net",Income (Loss) from Continuing Operations,Net Income,Net Income (Common),Ticker,Report_Date
USD,2018,3,2018-11-01,2018-11-01,58033386.0,58033386.0,15198000.0,-1357000.0,15198000.0,-114360000.0,-31104000.0,-99162000.0,4498000.0,4498000.0,-94664000,-94664000,7400.0,-94664000,-94664000,-94664000,AGIO,2018-09-30
USD,2018,4,2019-02-14,2019-02-14,58223425.0,58223425.0,30013000.0,-1397000.0,28616000.0,-124972000.0,-31858000.0,-96356000.0,4562000.0,4562000.0,-91794000,-91794000,7400.0,-91794000,-91794000,-91794000,AGIO,2018-12-31
USD,2019,1,2019-05-02,2019-05-02,58453918.0,58453918.0,30227000.0,-1357000.0,30227000.0,-127710000.0,-31791000.0,-97483000.0,4405000.0,4405000.0,-93078000,-93078000,7400.0,-93078000,-93078000,-93078000,AGIO,2019-03-31
USD,2019,2,2019-08-01,2019-08-01,58722244.0,58722244.0,26221000.0,-1357000.0,26221000.0,-140082000.0,-32390000.0,-113861000.0,3990000.0,3990000.0,-109871000,-109871000,7400.0,-109871000,-109871000,-109871000,AGIO,2019-06-30
USD,2019,3,2019-10-31,2019-10-31,58803534.0,58803534.0,26024000.0,-1357000.0,26024000.0,-135084000.0,-33019000.0,-109060000.0,2887000.0,2887000.0,-106173000,-106173000,7400.0,-106173000,-106173000,-106173000,AGIO,2019-09-30
USD,2019,4,2020-02-19,2020-02-19,63998460.0,63998460.0,35440000.0,-1317000.0,34123000.0,-140052000.0,-34834000.0,-105929000.0,3579000.0,3579000.0,-102350000,-102350000,7400.0,-102350000,-102350000,-102350000,AGIO,2019-12-31
USD,2020,1,2020-04-30,2021-04-29,68608279.0,68608279.0,18082357.14285714,-1357000.0,17985428.57142857,-87030000.0,-31672000.0,-87030000.0,2936000.0,2936000.0,-84094000,-84094000,7400.0,-84094000,-40256000,-40256000,AGIO,2020-03-31
USD,2020,2,2020-07-30,2020-07-30,68958091.0,68958091.0,37347000.0,-1357000.0,37347000.0,-127543000.0,-35951000.0,-90196000.0,1769000.0,1769000.0,-88427000,-90478000,7400.0,-90478000,-90478000,-90478000,AGIO,2020-06-30
