Currency,Fiscal Year,Fiscal Period,Publish Date,Restated Date,Shares (Basic),Shares (Diluted),Revenue,Cost of Revenue,Gross Profit,Operating Expenses,"Selling, General & Administrative",Operating Income (Loss),Non-Operating Income (Loss),"Interest Expense, Net","Pretax Income (Loss), Adj.",Pretax Income (Loss),"Income Tax (Expense) Benefit, Net",Income (Loss) from Continuing Operations,Net Income,Net Income (Common),Ticker,Report_Date
USD,2016,3,2016-11-01,2017-10-31,18570000.0,18570000.0,371772000.0,-285428000.0,86344000.0,-73148000.0,-25655000.0,13196000.0,-27438000.0,-29508000.0,-14242000,-20232000,1625000.0,-18607000,-18368000,-18368000,WLB,2016-09-30
USD,2016,4,2017-03-29,2018-04-02,18572000.0,18565000.0,392737000.0,-291953000.0,100784000.0,-105581000.0,-27893000.0,-4797000.0,-27353000.0,-29236000.0,-32150000,-6176000,-1601000.0,-7777000,-7551000,-7551000,WLB,2016-12-31
USD,2017,1,2017-05-15,2018-05-04,18572000.0,18572000.0,347013000.0,-285021000.0,61992000.0,-66135000.0,-28575000.0,-4143000.0,-28896000.0,-28368000.0,-33039000,-30489000,372000.0,-30117000,-29618000,-29618000,WLB,2017-03-31
USD,2017,2,2017-08-04,2018-08-06,18700000.0,18700000.0,327314000.0,-272317000.0,54997000.0,-68825000.0,-28327000.0,-13828000.0,-32242000.0,-29071000.0,-46070000,-46684000,402000.0,-46282000,-46144000,-46144000,WLB,2017-06-30
USD,2017,3,2017-10-31,2018-11-01,18742000.0,18742000.0,365014000.0,-280311000.0,84703000.0,-65508000.0,-26398000.0,19195000.0,-36357000.0,-29005000.0,-17162000,-12731000,256000.0,-12475000,-12397000,-12397000,WLB,2017-09-30
USD,2017,4,2018-04-02,2018-04-02,18762000.0,18762000.0,345227000.0,-258449000.0,86778000.0,-53403000.0,-36884000.0,33375000.0,-14857000.0,-28112000.0,18518000,10879000,4860000.0,15739000,16819000,16819000,WLB,2017-12-31
USD,2018,1,2018-05-04,2018-05-04,18772000.0,18772000.0,295677000.0,-225159000.0,70518000.0,-61262000.0,-34340000.0,9256000.0,-29598000.0,-29040000.0,-20342000,-20346000,35000.0,-20311000,-19589000,-19589000,WLB,2018-03-31
USD,2018,2,2018-08-06,2018-08-06,18772000.0,18772000.0,276312000.0,-227066000.0,49246000.0,-66241000.0,-38954000.0,-16995000.0,-32283000.0,-29642000.0,-49278000,-192039000,712000.0,-191327000,-186067000,-186067000,WLB,2018-06-30
USD,2018,3,2018-11-01,2018-11-01,18776000.0,18776000.0,328890000.0,-270808000.0,58082000.0,-67403000.0,-39801000.0,-9321000.0,-32861000.0,-31256000.0,-42182000,-41196000,-289000.0,-41485000,-40540000,-40540000,WLB,2018-09-30
