Currency,Fiscal Year,Fiscal Period,Publish Date,Restated Date,Shares (Basic),Shares (Diluted),Revenue,Cost of Revenue,Gross Profit,Operating Expenses,"Selling, General & Administrative",Operating Income (Loss),Non-Operating Income (Loss),"Interest Expense, Net","Pretax Income (Loss), Adj.",Pretax Income (Loss),"Income Tax (Expense) Benefit, Net",Income (Loss) from Continuing Operations,Net Income,Net Income (Common),Ticker,Report_Date
USD,2018,2,2018-08-02,2018-08-02,483800000.0,487500000.0,1415000000.0,-447000000.0,968000000.0,-484000000.0,-359000000.0,484000000.0,-42000000.0,-46000000.0,442000000,437000000,-55000000.0,382000000,384000000,384000000,ZTS,2018-06-30
USD,2018,3,2018-11-01,2018-11-01,482000000.0,485800000.0,1480000000.0,-473000000.0,1007000000.0,-507000000.0,-367000000.0,500000000.0,-35000000.0,-54000000.0,465000000,418000000,-71000000.0,347000000,347000000,347000000,ZTS,2018-09-30
USD,2018,4,2019-02-14,2019-02-14,480552000.0,484492000.0,1564000000.0,-544000000.0,1020000000.0,-584000000.0,-420000000.0,436000000.0,-4000000.0,-59000000.0,432000000,418000000,-73000000.0,345000000,345000000,345000000,ZTS,2018-12-31
USD,2019,1,2019-05-02,2019-05-02,479600000.0,483100000.0,1455000000.0,-518000000.0,937000000.0,-509000000.0,-369000000.0,428000000.0,-42000000.0,-56000000.0,386000000,381000000,-69000000.0,312000000,312000000,312000000,ZTS,2019-03-31
USD,2019,2,2019-08-09,2019-08-09,478800000.0,482300000.0,1547000000.0,-465000000.0,1082000000.0,-556000000.0,-406000000.0,526000000.0,-49000000.0,-55000000.0,477000000,455000000,-84000000.0,371000000,371000000,371000000,ZTS,2019-06-30
USD,2019,3,2019-11-07,2019-11-07,477800000.0,481500000.0,1584000000.0,-479000000.0,1105000000.0,-541000000.0,-391000000.0,564000000.0,-30000000.0,-56000000.0,534000000,528000000,-95000000.0,433000000,433000000,433000000,ZTS,2019-09-30
USD,2019,4,2020-02-13,2020-02-13,476312000.0,480248000.0,1674000000.0,-530000000.0,1144000000.0,-644000000.0,-472000000.0,500000000.0,-45000000.0,-56000000.0,455000000,437000000,-53000000.0,384000000,384000000,384000000,ZTS,2019-12-31
USD,2020,1,2020-05-06,2021-05-06,475600000.0,479000000.0,1534000000.0,-459000000.0,1075000000.0,-536000000.0,-389000000.0,539000000.0,-33000000.0,-53000000.0,506000000,497000000,-74000000.0,423000000,423000000,423000000,ZTS,2020-03-31
USD,2020,2,2020-08-06,2020-08-06,475300000.0,478100000.0,1548000000.0,-451000000.0,1097000000.0,-544000000.0,-393000000.0,553000000.0,-63000000.0,-58000000.0,490000000,482000000,-106000000.0,376000000,377000000,377000000,ZTS,2020-06-30
