Currency,Fiscal Year,Fiscal Period,Publish Date,Restated Date,Shares (Basic),Shares (Diluted),Revenue,Cost of Revenue,Gross Profit,Operating Expenses,"Selling, General & Administrative",Operating Income (Loss),Non-Operating Income (Loss),"Interest Expense, Net","Pretax Income (Loss), Adj.",Pretax Income (Loss),"Income Tax (Expense) Benefit, Net",Income (Loss) from Continuing Operations,Net Income,Net Income (Common),Ticker,Report_Date
USD,2018,3,2018-11-08,2018-11-08,79903000.0,79903000.0,173825000.0,-39274000.0,134551000.0,-141578000.0,-115231000.0,-7027000.0,-2383000.0,-4916000.0,-9410000,-9410000,-108000.0,-9518000,-9518000,-9518000,RNG,2018-09-30
USD,2018,4,2019-02-27,2019-02-27,80667000.0,80667000.0,188624000.0,-44115000.0,144509000.0,-147913000.0,-120683000.0,-3404000.0,-2408000.0,-4939000.0,-5812000,-5812000,134000.0,-5678000,-5678000,-5678000,RNG,2018-12-31
USD,2019,1,2019-05-10,2019-05-10,81400000.0,81400000.0,201489000.0,-50835000.0,150654000.0,-158117000.0,-128330000.0,-7463000.0,-1981000.0,-2593840.0,-9444000,-9444000,3086000.0,-6358000,-6358000,-6358000,RNG,2019-03-31
USD,2019,2,2019-08-08,2019-08-08,82339000.0,82339000.0,215152000.0,-53630000.0,161522000.0,-168702000.0,-136070000.0,-7180000.0,-1947000.0,-2593840.0,-9127000,-9127000,-116000.0,-9243000,-9243000,-9243000,RNG,2019-06-30
USD,2019,3,2019-11-12,2019-11-12,83283000.0,83283000.0,233352000.0,-59705000.0,173647000.0,-184310000.0,-149024000.0,-10663000.0,-2234000.0,-2593840.0,-12897000,-12897000,148000.0,-12749000,-12749000,-12749000,RNG,2019-09-30
USD,2019,4,2020-02-26,2020-02-26,85498000.0,85498000.0,252865000.0,-66873000.0,185992000.0,-206361000.0,-167703000.0,-20369000.0,-5103000.0,-20512000.0,-25472000,-25472000,215000.0,-25257000,-25257000,-25257000,RNG,2019-12-31
USD,2020,1,2020-05-11,2021-05-07,87339000.0,87339000.0,267512000.0,-73444000.0,194068000.0,-219558000.0,-178648000.0,-25490000.0,-35019000.0,-7502000.0,-60509000,-60509000,-212000.0,-60721000,-60721000,-60721000,RNG,2020-03-31
USD,2020,2,2020-08-10,2020-08-10,88254000.0,94145000.0,277985000.0,-76637000.0,201348000.0,-230684000.0,-187165000.0,-29336000.0,30005000.0,-12598000.0,669000,669000,-160000.0,509000,509000,509000,RNG,2020-06-30
