Currency,Fiscal Year,Fiscal Period,Publish Date,Restated Date,Shares (Basic),Shares (Diluted),Revenue,Cost of Revenue,Gross Profit,Operating Expenses,"Selling, General & Administrative",Operating Income (Loss),Non-Operating Income (Loss),"Interest Expense, Net","Pretax Income (Loss), Adj.",Pretax Income (Loss),"Income Tax (Expense) Benefit, Net",Income (Loss) from Continuing Operations,Net Income,Net Income (Common),Ticker,Report_Date
USD,2018,2,2018-07-27,2018-07-27,205700000.0,209900000.0,2567000000.0,-1674000000.0,893000000.0,-706000000.0,-424000000.0,187000000.0,-80000000.0,-106000000.0,107000000,88000000,-24000000.0,68000000,61000000,61000000,IQV,2018-06-30
USD,2018,3,2018-10-25,2018-10-25,202300000.0,206800000.0,2594000000.0,-1678000000.0,916000000.0,-712000000.0,-429000000.0,204000000.0,-130000000.0,-103000000.0,74000000,51000000,14000000.0,67000000,60000000,60000000,IQV,2018-09-30
USD,2018,4,2019-02-19,2019-02-19,199300000.0,204100000.0,2688000000.0,-1742000000.0,946000000.0,-737000000.0,-443000000.0,209000000.0,-103000000.0,-103000000.0,106000000,104000000,-30000000.0,76000000,69000000,69000000,IQV,2018-12-31
USD,2019,1,2019-05-02,2019-05-02,197000000.0,201700000.0,2684000000.0,-1748000000.0,936000000.0,-714000000.0,-419000000.0,222000000.0,-101000000.0,-108000000.0,121000000,109000000,-41000000.0,67000000,58000000,58000000,IQV,2019-03-31
USD,2019,2,2019-07-24,2019-07-24,196200000.0,200600000.0,2740000000.0,-1799000000.0,941000000.0,-730000000.0,-436000000.0,211000000.0,-119000000.0,-112000000.0,92000000,78000000,-8000000.0,71000000,60000000,60000000,IQV,2019-06-30
USD,2019,3,2019-11-01,2019-11-01,194500000.0,199000000.0,2769000000.0,-1852000000.0,917000000.0,-694000000.0,-395000000.0,223000000.0,-111000000.0,-111000000.0,112000000,69000000,1000000.0,69000000,57000000,57000000,IQV,2019-09-30
USD,2019,4,2020-02-18,2020-02-18,192700000.0,197100000.0,2895000000.0,-1901000000.0,994000000.0,-798000000.0,-484000000.0,196000000.0,-70000000.0,-107000000.0,126000000,96000000,-68000000.0,20000000,16000000,16000000,IQV,2019-12-31
USD,2020,1,2020-04-30,2021-04-23,191600000.0,195700000.0,2754000000.0,-1824000000.0,930000000.0,-723000000.0,-407000000.0,207000000.0,-91000000.0,-104000000.0,116000000,102000000,-17000000.0,91000000,82000000,82000000,IQV,2020-03-31
USD,2020,2,2020-07-23,2020-07-23,190900000.0,190900000.0,2521000000.0,-1704000000.0,817000000.0,-739000000.0,-431000000.0,78000000.0,-75000000.0,-107000000.0,3000000,-25000000,5000000.0,-21000000,-23000000,-23000000,IQV,2020-06-30
