Currency,Fiscal Year,Fiscal Period,Publish Date,Restated Date,Shares (Basic),Shares (Diluted),Revenue,Cost of Revenue,Gross Profit,Operating Expenses,"Selling, General & Administrative",Operating Income (Loss),Non-Operating Income (Loss),"Interest Expense, Net","Pretax Income (Loss), Adj.",Pretax Income (Loss),"Income Tax (Expense) Benefit, Net",Income (Loss) from Continuing Operations,Net Income,Net Income (Common),Ticker,Report_Date
USD,2018,3,2018-11-08,2018-11-08,224132000.0,224132000.0,745466000.0,-412965000.0,332501000.0,-203474000.0,-163791000.0,129027000.0,-130340000.0,-131847000.0,-1313000,-143068000,-3003000.0,-146071000,-173205000,-173205000,ENDP,2018-09-30
USD,2018,4,2019-02-28,2019-02-28,224353000.0,224353000.0,786389000.0,-433214000.0,353175000.0,-192817000.0,-167422000.0,160358000.0,-117023000.0,-135760000.0,43335000,-267273000,1794000.0,-265479000,-291908000,-291908000,ENDP,2018-12-31
USD,2019,1,2019-05-09,2019-05-09,224594000.0,224594000.0,720411000.0,-391909000.0,328502000.0,-184609000.0,-151123000.0,143893000.0,-137477000.0,-132675000.0,6416000,-1709000,-10903000.0,-12612000,-18573000,-18573000,ENDP,2019-03-31
USD,2019,2,2019-08-05,2019-08-05,226221000.0,226221000.0,699727000.0,-388208000.0,311519000.0,-178645000.0,-152297000.0,132874000.0,-134212000.0,-134809000.0,-1338000,-94584000,-3468000.0,-98052000,-106005000,-106005000,ENDP,2019-06-30
USD,2019,3,2019-11-04,2019-11-04,226598000.0,226598000.0,729426000.0,-389165000.0,340261000.0,-204848000.0,-168329000.0,135413000.0,-153106000.0,-136903000.0,-17693000,-24070000,-17361000.0,-41431000,-79415000,-79415000,ENDP,2019-09-30
USD,2019,4,2020-02-26,2020-02-26,226787000.0,226787000.0,764800000.0,-400056000.0,364744000.0,-195050000.0,-160671000.0,169694000.0,-130616000.0,-134347000.0,39078000,-224541000,16052000.0,-208489000,-218643000,-218643000,ENDP,2019-12-31
USD,2020,1,2020-05-07,2021-05-07,227198000.0,233014000.0,820405000.0,-388799000.0,431606000.0,-198383000.0,-166768000.0,233223000.0,-118903000.0,-132877000.0,114320000,21249000,136332000.0,157581000,129930000,129930000,ENDP,2020-03-31
USD,2020,2,2020-08-06,2020-08-06,229716000.0,233681000.0,687588000.0,-336096000.0,351492000.0,-203753000.0,-173258000.0,147739000.0,-125014000.0,-129164000.0,22725000,25252000,-7642000.0,17610000,10558000,10558000,ENDP,2020-06-30
