Currency,Fiscal Year,Fiscal Period,Publish Date,Restated Date,Shares (Basic),Shares (Diluted),Revenue,Cost of Revenue,Gross Profit,Operating Expenses,"Selling, General & Administrative",Operating Income (Loss),Non-Operating Income (Loss),"Interest Expense, Net","Pretax Income (Loss), Adj.",Pretax Income (Loss),"Income Tax (Expense) Benefit, Net",Income (Loss) from Continuing Operations,Net Income,Net Income (Common),Ticker,Report_Date
USD,2019,1,2019-05-02,2020-05-11,112619144.0,112907539.0,293687000.0,-123496000.0,170191000.0,-134117000.0,-7575000.0,36074000.0,-12492000.0,-12587000.0,23582000,23369000,-6093000.0,17276000,16703000,16703000,XHR,2019-03-31
USD,2019,2,2019-08-01,2020-07-30,112641416.0,112915294.0,304285000.0,-125148000.0,179137000.0,-133306000.0,-8046000.0,45831000.0,-12192000.0,-12380000.0,33639000,19407000,-6193000.0,13214000,12777000,12777000,XHR,2019-06-30
USD,2019,3,2019-10-31,2020-10-30,112641568.0,112932952.0,268931000.0,-116306000.0,152625000.0,-131699000.0,-7351000.0,20926000.0,-12036000.0,-12293000.0,8890000,8228000,2442000.0,10670000,10315000,10315000,XHR,2019-09-30
USD,2019,4,2020-02-25,2021-03-01,112642364.0,112918607.0,282184000.0,-121987000.0,160197000.0,-127245000.0,-7760000.0,32952000.0,-10990000.0,-11345000.0,21962000,11606000,4477000.0,16083000,15605000,15605000,XHR,2019-12-31
USD,2020,1,2020-05-11,2021-05-06,112984868.0,112984868.0,215353000.0,-100770000.0,114583000.0,-129759000.0,-8151000.0,-15176000.0,-12897000.0,-13024000.0,-28073000,-44441000,7311000.0,-37130000,-36138000,-36138000,XHR,2020-03-31
USD,2020,2,2020-07-30,2020-07-30,113498689.0,113498689.0,14825000.0,-16211000.0,-1386000.0,-87279000.0,-9829000.0,-88665000.0,-11329000.0,-13571000.0,-99994000,-104577000,3090000.0,-101487000,-99125000,-99125000,XHR,2020-06-30
