Currency,Fiscal Year,Fiscal Period,Publish Date,Restated Date,Shares (Basic),Shares (Diluted),Revenue,Cost of Revenue,Gross Profit,Operating Expenses,"Selling, General & Administrative",Operating Income (Loss),Non-Operating Income (Loss),"Interest Expense, Net","Pretax Income (Loss), Adj.",Pretax Income (Loss),"Income Tax (Expense) Benefit, Net",Income (Loss) from Continuing Operations,Net Income,Net Income (Common),Ticker,Report_Date
USD,2019,1,2019-05-07,2019-05-07,515000000.0,515000000.0,2495500000.0,-1690300000.0,805200000.0,-780500000.0,-607900000.0,24700000.0,-138500000.0,-131200000.0,-113800000,-114500000,89500000.0,-25000000,-25000000,-25000000,MYL,2019-03-31
USD,2019,2,2019-07-29,2019-07-29,515500000.0,515500000.0,2851500000.0,-1918900000.0,932600000.0,-816200000.0,-668600000.0,116400000.0,-147600000.0,-131200000.0,-31200000,-52100000,-116400000.0,-168500000,-168500000,-168500000,MYL,2019-06-30
USD,2019,3,2019-11-05,2020-11-06,516000000.0,516200000.0,2961700000.0,-1889300000.0,1072400000.0,-800600000.0,-632700000.0,271800000.0,-137900000.0,-128900000.0,133900000,185800000,4000000.0,189800000,189800000,189800000,MYL,2019-09-30
USD,2019,4,2020-04-29,2020-11-06,516300000.0,519300000.0,3191800000.0,-2104400000.0,1087400000.0,-806200000.0,-654400000.0,281200000.0,-137100000.0,-126000000.0,144100000,135200000,-114700000.0,20500000,20500000,20500000,MYL,2019-12-31
USD,2020,1,2020-05-11,2020-05-11,516400000.0,517000000.0,2619200000.0,-1713100000.0,906100000.0,-719600000.0,-605400000.0,186500000.0,-154000000.0,-119900000.0,32500000,30700000,-9900000.0,20800000,20800000,20800000,MYL,2020-03-31
USD,2020,2,2020-08-06,2020-08-06,516900000.0,517200000.0,2731200000.0,-1705500000.0,1025700000.0,-875700000.0,-719400000.0,150000000.0,-114200000.0,-116200000.0,35800000,20000000,19400000.0,39400000,39400000,39400000,MYL,2020-06-30
