Currency,Fiscal Year,Fiscal Period,Publish Date,Restated Date,Shares (Basic),Shares (Diluted),Revenue,Cost of Revenue,Gross Profit,Operating Expenses,"Selling, General & Administrative",Operating Income (Loss),Non-Operating Income (Loss),"Interest Expense, Net","Pretax Income (Loss), Adj.",Pretax Income (Loss),"Income Tax (Expense) Benefit, Net",Income (Loss) from Continuing Operations,Net Income,Net Income (Common),Ticker,Report_Date
USD,2018,3,2019-02-07,2019-02-07,149183049.0,150268424.0,1438000000.0,-564800000.0,873200000.0,-557600000.0,-506100000.0,315600000.0,-48900000.0,-7700000.0,266700000,241100000,-41700000.0,199400000,199600000,199600000,CPRI,2018-12-31
USD,2018,4,2019-05-29,2019-05-29,150801610.0,152083636.0,1343700000.0,-550800000.0,792900000.0,-673900000.0,-609000000.0,119000000.0,-18100000.0,-16900000.0,100900000,22300000,-3000000.0,19300000,19400000,19400000,CPRI,2019-03-31
USD,2019,1,2019-08-13,2019-08-13,151049572.0,152334153.0,1346000000.0,-512000000.0,834000000.0,-658000000.0,-598000000.0,176000000.0,-13000000.0,-13000000.0,163000000,51000000,-6000000.0,45000000,45000000,45000000,CPRI,2019-06-30
USD,2019,2,2019-11-07,2019-11-07,151602502.0,152576283.0,1442000000.0,-568000000.0,874000000.0,-688000000.0,-623000000.0,186000000.0,-6000000.0,-3000000.0,180000000,69000000,4000000.0,73000000,73000000,73000000,CPRI,2019-09-30
USD,2019,3,2020-02-05,2021-02-03,150826196.0,152154372.0,1571000000.0,-639000000.0,932000000.0,-693000000.0,-630000000.0,239000000.0,0.0,-3000000.0,239000000,205000000,4000000.0,209000000,210000000,210000000,CPRI,2019-12-31
USD,2019,4,2020-07-08,2020-07-08,149380122.0,145793584.0,1192000000.0,-561000000.0,631000000.0,-674000000.0,-613000000.0,-43000000.0,-4000000.0,1000000.0,-47000000,-540000000,-12000000.0,-552000000,-551000000,-551000000,CPRI,2020-03-31
USD,2020,1,2020-08-05,2020-08-05,149556310.0,149556310.0,451000000.0,-149000000.0,302000000.0,-456000000.0,-402000000.0,-154000000.0,-13000000.0,-17000000.0,-167000000,-175000000,-5000000.0,-180000000,-180000000,-180000000,CPRI,2020-06-30
