Currency,Fiscal Year,Fiscal Period,Publish Date,Restated Date,Shares (Basic),Shares (Diluted),Revenue,Cost of Revenue,Gross Profit,Operating Expenses,"Selling, General & Administrative",Operating Income (Loss),Non-Operating Income (Loss),"Interest Expense, Net","Pretax Income (Loss), Adj.",Pretax Income (Loss),"Income Tax (Expense) Benefit, Net",Income (Loss) from Continuing Operations,Net Income,Net Income (Common),Ticker,Report_Date
USD,2016,4,2017-03-16,2018-03-16,15903000.0,16870000.0,23826000.0,-9178000.0,14648000.0,-13961000.0,-12423000.0,687000.0,10000.0,0.0,697000,-103000,-1312000.0,-1415000,-1261000,-1261000,CALL,2016-12-31
USD,2017,1,2017-05-10,2017-05-10,16034000.0,16034000.0,23197000.0,-9451000.0,13746000.0,-16731000.0,-15232000.0,-2985000.0,-11000.0,-57157.89473684211,-2996000,-34523000,11355000.0,-23168000,-23101000,-23101000,CALL,2017-03-31
USD,2017,2,2017-08-09,2017-08-09,16078000.0,16078000.0,22381000.0,-8166000.0,14215000.0,-13126000.0,-11664000.0,1089000.0,4000.0,-57157.89473684211,1093000,1093000,-2587000.0,-1494000,-1561000,-1561000,CALL,2017-06-30
USD,2017,3,2017-11-09,2018-11-09,16114000.0,16114000.0,21657000.0,-7830000.0,13827000.0,-10740000.0,-9263000.0,3087000.0,44000.0,-57157.89473684211,3131000,4025000,-1574000.0,2451000,2451000,2451000,CALL,2017-09-30
USD,2017,4,2018-03-16,2018-03-16,16126000.0,16126000.0,20758000.0,-7491000.0,13267000.0,-12006000.0,-10548000.0,1261000.0,52000.0,0.0,1313000,1313000,-4065000.0,-2752000,-2752000,-2752000,CALL,2017-12-31
USD,2018,1,2018-05-10,2018-05-10,16192000.0,16211000.0,20015000.0,-7163000.0,12852000.0,-10151000.0,-8694000.0,2701000.0,91000.0,-57157.89473684211,2792000,2661000,-695000.0,1966000,1966000,1966000,CALL,2018-03-31
USD,2018,2,2018-08-06,2018-08-06,16205000.0,16205000.0,20022000.0,-7100000.0,12922000.0,-8096000.0,-6692000.0,4826000.0,192000.0,-57157.89473684211,5018000,5018000,-922000.0,4096000,4096000,4096000,CALL,2018-06-30
USD,2018,3,2018-11-09,2018-11-09,16233000.0,16248000.0,19472000.0,-6988000.0,12484000.0,-8127000.0,-6917000.0,4357000.0,211000.0,-57157.89473684211,4568000,4568000,-1383000.0,3185000,3185000,3185000,CALL,2018-09-30
