Currency,Fiscal Year,Fiscal Period,Publish Date,Restated Date,Shares (Basic),Shares (Diluted),Revenue,Cost of Revenue,Gross Profit,Operating Expenses,"Selling, General & Administrative",Operating Income (Loss),Non-Operating Income (Loss),"Interest Expense, Net","Pretax Income (Loss), Adj.",Pretax Income (Loss),"Income Tax (Expense) Benefit, Net",Income (Loss) from Continuing Operations,Net Income,Net Income (Common),Ticker,Report_Date
USD,2019,1,2018-09-10,2019-09-09,18317830.0,18317830.0,7221305.0,-3752392.0,3468913.0,-6322237.0,-5824132.0,-2853324.0,16048.0,-40353.0,-2837276,-2837276,0.0,-2837276,-2837276,-2837276,ASPU,2018-07-31
USD,2019,2,2018-12-10,2018-12-10,18335413.0,18335413.0,8095344.0,-3835515.0,4259829.0,-6734478.0,-6210411.0,-2474649.0,-430.0,-41922.0,-2475079,-2475079,0.0,-2475079,-2475079,-2475079,ASPU,2018-10-31
USD,2019,3,2019-03-11,2019-03-11,18398095.0,18398095.0,8494627.0,-4076980.0,4417647.0,-6839333.0,-6284041.0,-2421686.0,65746.0,-76434.0,-2355940,-2355940,0.0,-2355940,-2355940,-2355940,ASPU,2019-01-31
USD,2019,4,2019-08-28,2019-08-28,18586498.0,18586498.0,10214142.0,-4312331.0,5901811.0,-7261878.0,-6669244.0,-1360067.0,-249855.0,-285971.0,-1609922,-1609922,0.0,-1609922,-1609922,-1609922,ASPU,2019-04-30
USD,2020,1,2019-09-09,2019-09-09,18733317.0,18733317.0,10357982.0,-4353058.0,6004924.0,-7643724.0,-7037150.0,-1638800.0,-400887.0,-423689.0,-2039687,-2039687,-35595.0,-2075282,-2075282,-2075282,ASPU,2019-07-31
USD,2020,2,2019-12-10,2019-12-10,18985371.0,18985371.0,12085965.0,-4188056.0,7897909.0,-8229684.0,-7601459.0,-331775.0,-296393.0,-296393.0,-628168,-628168,-10000.0,-638168,-638168,-638168,ASPU,2019-10-31
USD,2020,3,2020-03-10,2020-03-10,19420987.0,19420987.0,12537940.0,-5163007.0,7374933.0,-9102981.0,-8627588.0,-1728048.0,-537841.0,-537841.0,-2265889,-2265889,-15163.0,-2281052,-2281052,-2281052,ASPU,2020-01-31
USD,2020,4,2020-07-14,2020-07-14,21695157.0,21695157.0,14079193.0,-5431181.0,8648012.0,-7556592.0,-7063323.0,1091420.0,-333711.0,-560155.0,757709,-673501,8938.0,-664563,-664563,-664563,ASPU,2020-04-30
