Currency,Fiscal Year,Fiscal Period,Publish Date,Restated Date,Shares (Basic),Shares (Diluted),Revenue,Cost of Revenue,Gross Profit,Operating Expenses,"Selling, General & Administrative",Operating Income (Loss),Non-Operating Income (Loss),"Interest Expense, Net","Pretax Income (Loss), Adj.",Pretax Income (Loss),"Income Tax (Expense) Benefit, Net",Income (Loss) from Continuing Operations,Net Income,Net Income (Common),Ticker,Report_Date
USD,2017,2,2017-08-09,2018-08-03,12168582.0,12168582.0,140498000.0,-29694000.0,110804000.0,-126868000.0,-64771000.0,-16064000.0,-37380000.0,-37602000.0,-53444000,-38865000,-4661000.0,-43526000,-43526000,-43526000,ASCMA,2017-06-30
USD,2017,3,2017-11-02,2018-11-05,12207649.0,12207649.0,138211000.0,-30287000.0,107924000.0,-97353000.0,-35793000.0,10571000.0,-37965000.0,-37743000.0,-27394000,-27394000,-1766000.0,-29160000,-29160000,-29160000,ASCMA,2017-09-30
USD,2017,4,2018-03-05,2019-04-01,12271828.0,12271828.0,133546000.0,-29461000.0,104085000.0,-91379000.0,-31078000.0,12706000.0,-37375000.0,-37375000.0,-24669000,-24669000,8649000.0,-16020000,-16020000,-16020000,ASCMA,2017-12-31
USD,2018,1,2018-05-10,2019-05-15,12298922.0,12298922.0,133753000.0,-32701000.0,101052000.0,-94438000.0,-37406000.0,6614000.0,-36106000.0,-38171000.0,-29492000,-29492000,-1346000.0,-30838000,-30838000,-30838000,ASCMA,2018-03-31
USD,2018,2,2018-08-03,2018-08-03,12327387.0,12327387.0,135013000.0,-33047000.0,101966000.0,-91149000.0,-34387000.0,10817000.0,-39437000.0,-39648000.0,-28620000,-243020000,-1347000.0,-244367000,-244367000,-244367000,ASCMA,2018-06-30
USD,2018,3,2018-11-05,2018-11-05,12361495.0,12361495.0,137156000.0,-35059000.0,102097000.0,-93756000.0,-38199000.0,8341000.0,-40359000.0,-40319000.0,-32018000,-38749000,-1346000.0,-40095000,-40095000,-40095000,ASCMA,2018-09-30
USD,2018,4,2019-04-30,2019-04-30,12399412.0,12399412.0,134436000.0,-28132000.0,106304000.0,-74390000.0,-20645000.0,31914000.0,-71383000.0,-70625000.0,-39469000,-398394000,15650000.0,-382744000,-382744000,-382744000,ASCMA,2018-12-31
USD,2019,1,2019-05-15,2019-05-15,12429810.0,12429810.0,129606000.0,-26764000.0,102842000.0,-84815000.0,-32512000.0,18027000.0,-37091000.0,-37350000.0,-19064000,-27168000,-671000.0,-27839000,-27839000,-27839000,ASCMA,2019-03-31
USD,2019,2,2019-08-07,2019-08-07,12459283.0,12574076.0,128091000.0,-28536000.0,99555000.0,-81625000.0,-29364000.0,17930000.0,-40132000.0,-40203000.0,-22202000,629567000,-666000.0,628901000,628901000,628901000,ASCMA,2019-06-30
