Currency,Fiscal Year,Fiscal Period,Publish Date,Restated Date,Shares (Basic),Shares (Diluted),Revenue,Cost of Revenue,Gross Profit,Operating Expenses,"Selling, General & Administrative",Operating Income (Loss),Non-Operating Income (Loss),"Interest Expense, Net","Pretax Income (Loss), Adj.",Pretax Income (Loss),"Income Tax (Expense) Benefit, Net",Income (Loss) from Continuing Operations,Net Income,Net Income (Common),Ticker,Report_Date
USD,2017,3,2017-11-21,2017-11-21,63395000.0,65918000.0,566654000.0,-339428000.0,227226000.0,-200736000.0,-200736000.0,26490000.0,-32937000.0,-32937000.0,-6447000,-8246000,-9381000.0,-17627000,-17627000,-17627000,JCG,2017-10-31
USD,2017,4,2018-03-27,2018-03-27,63395000.0,65918000.0,714169000.0,-448633000.0,265536000.0,-251386000.0,-251386000.0,14150000.0,-34322000.0,-34322000.0,-20172000,-24505000,62882000.0,38377000,38377000,38377000,JCG,2018-01-31
USD,2018,1,2018-05-30,2018-05-30,63395000.0,65918000.0,540450000.0,-333642000.0,206808000.0,-200836000.0,-200836000.0,5972000.0,-32982000.0,-32982000.0,-27010000,-33876000,-49000.0,-33925000,-33925000,-33925000,JCG,2018-04-30
USD,2018,2,2018-08-28,2018-08-28,63395000.0,65918000.0,587573000.0,-361572000.0,226001000.0,-192659000.0,-192659000.0,33342000.0,-34400000.0,-34400000.0,-1058000,-1058000,-5036000.0,-6094000,-6094000,-6094000,JCG,2018-07-31
USD,2018,3,2018-11-29,2018-11-29,63395000.0,65918000.0,622200000.0,-383762000.0,238438000.0,-202828000.0,-202828000.0,35610000.0,-35141000.0,-35141000.0,469000,-2478000,-3218000.0,-5696000,-5696000,-5696000,JCG,2018-10-31
USD,2018,4,2019-03-20,2019-03-20,63395000.0,65918000.0,733771000.0,-569354000.0,164417000.0,-227708000.0,-227708000.0,-63291000.0,-34974000.0,-34974000.0,-98265000,-99217000,24853000.0,-74364000,-74364000,-74364000,JCG,2019-01-31
USD,2019,1,2019-05-29,2019-05-29,63395000.0,65918000.0,578506000.0,-364729000.0,213777000.0,-189750000.0,-189750000.0,24027000.0,-36918000.0,-36918000.0,-12891000,-14809000,-1421000.0,-16230000,-16230000,-16230000,JCG,2019-04-30
USD,2019,2,2019-09-13,2019-09-13,63395000.0,65918000.0,588829000.0,-379383000.0,209446000.0,-208020000.0,-208020000.0,1426000.0,-37727000.0,-37727000.0,-36301000,-39263000,-4959000.0,-44222000,-44222000,-44222000,JCG,2019-07-31
USD,2019,3,2019-12-02,2019-12-02,63395000.0,65918000.0,625637000.0,-371095000.0,254542000.0,-235054000.0,-235054000.0,19488000.0,-37304000.0,-37304000.0,-17816000,-25825000,5968000.0,-19857000,-19857000,-19857000,JCG,2019-10-31
