Currency,Fiscal Year,Fiscal Period,Publish Date,Restated Date,Shares (Basic),Shares (Diluted),Revenue,Cost of Revenue,Gross Profit,Operating Expenses,"Selling, General & Administrative",Operating Income (Loss),Non-Operating Income (Loss),"Interest Expense, Net","Pretax Income (Loss), Adj.",Pretax Income (Loss),"Income Tax (Expense) Benefit, Net",Income (Loss) from Continuing Operations,Net Income,Net Income (Common),Ticker,Report_Date
USD,2018,2,2018-08-14,2018-08-14,1698000.0,1698000.0,43300000.0,-35095000.0,8205000.0,-6246000.0,-5539000.0,1959000.0,-124000.0,-146000.0,1835000,2818000,-705000.0,2113000,2113000,2113000,CUO,2018-06-30
USD,2018,3,2018-11-13,2018-11-13,1698000.0,1698000.0,40978000.0,-34745000.0,6233000.0,-7688000.0,-7006000.0,-1455000.0,-196000.0,-126000.0,-1651000,-1648000,412000.0,-1236000,-1236000,-1236000,CUO,2018-09-30
USD,2018,4,2019-03-28,2019-03-28,1696000.0,1696000.0,56295000.0,-47932000.0,8363000.0,-9333000.0,-8494000.0,-970000.0,-53000.0,-107000.0,-1023000,-1623000,580000.0,-1043000,-540000,-540000,CUO,2018-12-31
USD,2019,1,2019-05-14,2019-05-14,1709000.0,1709000.0,22528000.0,-17847000.0,4681000.0,-7311000.0,-6792000.0,-2630000.0,91000.0,78000.0,-2539000,12466000,-3366000.0,9100000,13322000,13322000,CUO,2019-03-31
USD,2019,2,2019-08-16,2019-08-16,1715000.0,1715000.0,25257000.0,-21535000.0,3722000.0,-9350000.0,-9096000.0,-5628000.0,104000.0,59000.0,-5524000,-5315000,1397000.0,-3918000,-4836000,-4836000,CUO,2019-06-30
USD,2019,3,2019-11-12,2019-11-12,1712000.0,1712000.0,31987000.0,-24452000.0,7535000.0,-8699000.0,-8102000.0,-1164000.0,-77000.0,-61000.0,-1241000,-27983000,7699000.0,-20284000,-20284000,-20284000,CUO,2019-09-30
USD,2019,4,2020-04-27,2020-04-27,1708000.0,1708000.0,33504000.0,-24889000.0,8615000.0,-8764000.0,-8172000.0,-149000.0,-47000.0,-85000.0,-196000,-1942000,-334000.0,-2276000,-2101000,-2101000,CUO,2019-12-31
USD,2020,1,2020-05-11,2020-05-11,1685000.0,1685000.0,30845000.0,-22565000.0,8280000.0,-8291000.0,-7778000.0,-11000.0,72000.0,13000.0,61000,206000,498000.0,704000,704000,704000,CUO,2020-03-31
