Currency,Fiscal Year,Fiscal Period,Publish Date,Restated Date,Shares (Basic),Shares (Diluted),Revenue,Cost of Revenue,Gross Profit,Operating Expenses,"Selling, General & Administrative",Operating Income (Loss),Non-Operating Income (Loss),"Interest Expense, Net","Pretax Income (Loss), Adj.",Pretax Income (Loss),"Income Tax (Expense) Benefit, Net",Income (Loss) from Continuing Operations,Net Income,Net Income (Common),Ticker,Report_Date
USD,2015,3,2015-04-30,2016-04-28,69946000.0,70795000.0,1464193000.0,-1046063000.0,418130000.0,-326623000.0,-326623000.0,91507000.0,-1889000.0,-3001000.0,89618000,89618000,-19346000.0,70249000,70295000,70295000,HAR,2015-03-31
USD,2015,4,2015-08-07,2016-08-11,71909000.0,72233000.0,1678633000.0,-1187457000.0,491176000.0,-377629000.0,-377629000.0,113547000.0,-12886000.0,-6068000.0,100661000,100661000,-27019000.0,73642000,73177000,73177000,HAR,2015-06-30
USD,2016,1,2015-10-29,2016-11-03,72032000.0,72556000.0,1630888000.0,-1143490000.0,487398000.0,-355931000.0,-355931000.0,131467000.0,-10401000.0,-8259000.0,121066000,121066000,-33549000.0,87517000,87099000,87099000,HAR,2015-09-30
USD,2016,2,2016-01-28,2017-01-26,72079000.0,72830000.0,1772157000.0,-1227065000.0,545092000.0,-385939000.0,-385939000.0,159153000.0,-12916000.0,-7666000.0,146237000,146237000,-33050000.0,113187000,112898000,112898000,HAR,2015-12-31
USD,2016,3,2016-04-28,2016-04-28,72020000.0,72642000.0,1628082000.0,-1135215000.0,492867000.0,-357514000.0,-357514000.0,135353000.0,-15115000.0,-8633000.0,120238000,120238000,-31419000.0,88819000,88824000,88824000,HAR,2016-03-31
USD,2016,4,2016-08-11,2016-08-11,71333000.0,72100000.0,1880549000.0,-1312815000.0,567734000.0,-413680000.0,-413680000.0,154054000.0,-11087000.0,-8924000.0,142967000,142967000,-70039000.0,72928000,72913000,72913000,HAR,2016-06-30
USD,2017,1,2016-11-03,2016-11-03,70889000.0,71358000.0,1759522000.0,-1218251000.0,541271000.0,-390460000.0,-390460000.0,150811000.0,-11252000.0,-9324000.0,139559000,139559000,-37423000.0,103117000,103117000,103117000,HAR,2016-09-30
USD,2017,2,2017-01-26,2017-01-26,70986000.0,71712000.0,1947474000.0,-1339513000.0,607961000.0,-433947000.0,-433947000.0,174014000.0,-13495000.0,-9214000.0,160519000,160519000,-60865000.0,99449000,99449000,99449000,HAR,2016-12-31
