Currency,Fiscal Year,Fiscal Period,Publish Date,Restated Date,Shares (Basic),Shares (Diluted),Revenue,Cost of Revenue,Gross Profit,Operating Expenses,"Selling, General & Administrative",Operating Income (Loss),Non-Operating Income (Loss),"Interest Expense, Net","Pretax Income (Loss), Adj.",Pretax Income (Loss),"Income Tax (Expense) Benefit, Net",Income (Loss) from Continuing Operations,Net Income,Net Income (Common),Ticker,Report_Date
USD,2018,1,2018-05-08,2018-05-08,51827685.0,51827685.0,9601000.0,-1028000.0,8573000.0,-15400000.0,-11291000.0,-6827000.0,714000.0,-3000.0,-6113000,-6113000,-14000.0,-6127000,-6101000,-6101000,TLRA,2018-03-31
USD,2018,2,2018-08-09,2018-08-09,52241605.0,52241605.0,12430000.0,-1136000.0,11294000.0,-15190000.0,-12011000.0,-3896000.0,1082000.0,-45000.0,-2814000,-2931000,-29000.0,-2960000,-3121000,-3121000,TLRA,2018-06-30
USD,2018,3,2018-11-08,2018-11-08,52716626.0,52716626.0,13478000.0,-1868000.0,11610000.0,-13101000.0,-10146000.0,-1491000.0,45000.0,-27000.0,-1446000,-1478000,-103000.0,-1581000,-1581000,-1581000,TLRA,2018-09-30
USD,2018,4,2019-03-19,2019-03-19,50272108.0,50272108.0,19656000.0,-2812000.0,16844000.0,-15550000.0,-12163000.0,1294000.0,45000.0,-14000.0,1339000,1282000,156000.0,1438000,1437000,1437000,TLRA,2018-12-31
USD,2019,1,2019-05-09,2019-05-09,44831453.0,44831453.0,13622000.0,-2451000.0,11171000.0,-16477000.0,-13183000.0,-5306000.0,980000.0,-3000.0,-4326000,-4326000,-7000.0,-4333000,-4333000,-4333000,TLRA,2019-03-31
USD,2019,2,2019-08-08,2019-08-08,45702810.0,45702810.0,18216000.0,-3468000.0,14748000.0,-17393000.0,-14284000.0,-2645000.0,1205000.0,2000.0,-1440000,-1440000,-44000.0,-1484000,-1484000,-1484000,TLRA,2019-06-30
USD,2019,3,2019-11-06,2019-11-06,46158465.0,46158465.0,16564000.0,-3419000.0,13145000.0,-16802000.0,-13521000.0,-3657000.0,909000.0,-1000.0,-2748000,-2748000,-53000.0,-2801000,-2801000,-2801000,TLRA,2019-09-30
USD,2019,4,2020-03-25,2020-03-25,46765272.0,46765272.0,19636000.0,-4287000.0,15349000.0,-16657000.0,-13715000.0,-1308000.0,1291000.0,2000.0,-17000,-17000,-372000.0,-389000,-389000,-389000,TLRA,2019-12-31
