Currency,Fiscal Year,Fiscal Period,Publish Date,Restated Date,Shares (Basic),Shares (Diluted),Revenue,Cost of Revenue,Gross Profit,Operating Expenses,"Selling, General & Administrative",Operating Income (Loss),Non-Operating Income (Loss),"Interest Expense, Net","Pretax Income (Loss), Adj.",Pretax Income (Loss),"Income Tax (Expense) Benefit, Net",Income (Loss) from Continuing Operations,Net Income,Net Income (Common),Ticker,Report_Date
USD,2017,2,2017-08-01,2018-08-02,56433000.0,59835000.0,136027000.0,-31920000.0,104107000.0,-91446000.0,-55562000.0,12661000.0,-3055000.0,-3055000.0,9606000,9606000,-2065000.0,7541000,7541000,7541000,MDSO,2017-06-30
USD,2017,3,2017-11-03,2018-10-30,56654000.0,60614000.0,138945000.0,-31554000.0,107391000.0,-89904000.0,-53697000.0,17487000.0,-2883000.0,-2876000.0,14604000,19374000,-6331000.0,13043000,13043000,13043000,MDSO,2017-09-30
USD,2017,4,2018-02-28,2019-03-01,56733000.0,60528000.0,141589000.0,-32705000.0,108884000.0,-91525000.0,-54989000.0,17359000.0,-3027000.0,-2961000.0,14332000,14332000,2680000.0,17012000,17012000,17012000,MDSO,2017-12-31
USD,2018,1,2018-05-04,2018-05-04,57055000.0,60098000.0,149198000.0,-36302000.0,112896000.0,-99570000.0,-62048000.0,13326000.0,-3583000.0,-3487000.0,9743000,9743000,582000.0,10325000,10325000,10325000,MDSO,2018-03-31
USD,2018,2,2018-08-02,2018-08-02,57448000.0,60874000.0,155905000.0,-37501000.0,118404000.0,-105567000.0,-64778000.0,12837000.0,4357000.0,-3372000.0,17194000,17194000,-605000.0,16589000,16589000,16589000,MDSO,2018-06-30
USD,2018,3,2018-10-30,2018-10-30,58680000.0,61712000.0,163406000.0,-42227000.0,121179000.0,-107060000.0,-66434000.0,14119000.0,-1408000.0,-1019000.0,12711000,12711000,-2023000.0,10688000,10688000,10688000,MDSO,2018-09-30
USD,2018,4,2019-03-01,2019-03-01,59317000.0,61964000.0,167187000.0,-43129000.0,124058000.0,-113023000.0,-69172000.0,11035000.0,-545000.0,-542000.0,10490000,10490000,3829000.0,14319000,14319000,14319000,MDSO,2018-12-31
USD,2019,1,2019-05-10,2019-05-10,59693000.0,61755000.0,173504000.0,-46003000.0,127501000.0,-122519000.0,-76030000.0,4982000.0,-193000.0,-165000.0,4789000,4789000,6356000.0,11145000,11145000,11145000,MDSO,2019-03-31
USD,2019,2,2019-08-06,2019-08-06,60081000.0,62372000.0,180460000.0,-49602000.0,130858000.0,-128953000.0,-80478000.0,1905000.0,-130000.0,-511000.0,1775000,1775000,6118000.0,7893000,7893000,7893000,MDSO,2019-06-30
