Currency,Fiscal Year,Fiscal Period,Publish Date,Restated Date,Shares (Basic),Shares (Diluted),Revenue,Cost of Revenue,Gross Profit,Operating Expenses,"Selling, General & Administrative",Operating Income (Loss),Non-Operating Income (Loss),"Interest Expense, Net","Pretax Income (Loss), Adj.",Pretax Income (Loss),"Income Tax (Expense) Benefit, Net",Income (Loss) from Continuing Operations,Net Income,Net Income (Common),Ticker,Report_Date
USD,2015,4,2016-03-04,2017-03-09,640000000.0,644000000.0,5656000000.0,-4169000000.0,1487000000.0,-1205000000.0,-1189000000.0,282000000.0,-10000000.0,-11000000.0,272000000,-208000000,-54000000.0,-262000000,-262000000,-262000000,SPLS,2015-12-31
USD,2016,1,2016-05-18,2017-05-16,639000000.0,645000000.0,4363000000.0,-3251000000.0,1112000000.0,-947000000.0,-937000000.0,165000000.0,-36000000.0,-40000000.0,129000000,86000000,-26000000.0,60000000,41000000,41000000,SPLS,2016-03-31
USD,2016,2,2016-08-17,2017-08-24,641000000.0,647000000.0,4032000000.0,-3007000000.0,1025000000.0,-910000000.0,-900000000.0,115000000.0,-12000000.0,-17000000.0,103000000,-205000000,98000000.0,-107000000,-766000000,-766000000,SPLS,2016-06-30
USD,2016,3,2016-11-17,2016-11-17,643000000.0,646000000.0,5593000000.0,-4071000000.0,1522000000.0,-1180000000.0,-1163000000.0,342000000.0,-47000000.0,-39000000.0,295000000,271000000,-73000000.0,198000000,198000000,198000000,SPLS,2016-09-30
USD,2016,4,2017-03-09,2017-03-09,645000000.0,650000000.0,7071000000.0,-5216000000.0,1855000000.0,-1630000000.0,-1600000000.0,225000000.0,-54000000.0,-40000000.0,171000000,340000000,-112000000.0,228000000,906000000,906000000,SPLS,2016-12-31
USD,2017,1,2017-03-31,2017-05-16,646000000.0,649000000.0,5101000000.0,-3813000000.0,1288000000.0,-1137000000.0,-1122000000.0,151000000.0,-37000000.0,-40000000.0,114000000,71000000,-30000000.0,41000000,41000000,41000000,SPLS,2017-03-31
USD,2017,2,2017-08-17,2017-08-17,648000000.0,648000000.0,4752000000.0,-3560000000.0,1192000000.0,-1092000000.0,-1077000000.0,100000000.0,-13000000.0,-17000000.0,87000000,-864000000,98000000.0,-766000000,-766000000,-766000000,SPLS,2017-06-30
USD,2017,3,2017-11-17,2017-11-17,650000000.0,653000000.0,5355000000.0,-3912000000.0,1443000000.0,-1092000000.0,-1078000000.0,351000000.0,-14000000.0,-10000000.0,337000000,284000000,-105000000.0,179000000,179000000,179000000,SPLS,2017-09-30
USD,2017,4,2018-02-17,2018-02-17,652000000.0,646000000.0,3039000000.0,-2204000000.0,835000000.0,-575000000.0,-568000000.0,260000000.0,2000000.0,-8000000.0,262000000,157000000,-70000000.0,87000000,-951000000,-951000000,SPLS,2017-12-31
