Currency,Fiscal Year,Fiscal Period,Publish Date,Restated Date,Shares (Basic),Shares (Diluted),Revenue,Cost of Revenue,Gross Profit,Operating Expenses,"Selling, General & Administrative",Operating Income (Loss),Non-Operating Income (Loss),"Interest Expense, Net","Pretax Income (Loss), Adj.",Pretax Income (Loss),"Income Tax (Expense) Benefit, Net",Income (Loss) from Continuing Operations,Net Income,Net Income (Common),Ticker,Report_Date
USD,2016,2,2016-08-09,2017-08-09,25161000.0,25161000.0,9074000.0,-3195000.0,5879000.0,-11836000.0,-7069000.0,-5957000.0,-237000.0,-250000.0,-6194000,-6194000,-6000.0,-6200000,-6200000,-6347000,MATR,2016-06-30
USD,2016,3,2016-11-09,2017-11-08,25244000.0,25244000.0,10412000.0,-3443000.0,6969000.0,-12002000.0,-7537000.0,-5033000.0,-852000.0,-860000.0,-5885000,-5827000,-11000.0,-5838000,-5838000,-5985000,MATR,2016-09-30
USD,2016,4,2017-03-16,2018-03-12,25367000.0,25367000.0,12558000.0,-3904000.0,8654000.0,-10838000.0,-6272000.0,-2184000.0,-1020000.0,-1028000.0,-3204000,-3095000,-23000.0,-3118000,-3118000,-3267000,MATR,2016-12-31
USD,2017,1,2017-05-10,2018-05-10,27423000.0,27423000.0,10959000.0,-3439000.0,7520000.0,-11611000.0,-6745000.0,-4091000.0,-959000.0,-969000.0,-5050000,-4953000,1000.0,-4952000,-4952000,-5098000,MATR,2017-03-31
USD,2017,2,2017-08-09,2018-08-09,31336000.0,31336000.0,10558000.0,-3313000.0,7245000.0,-11445000.0,-6133000.0,-4200000.0,-1019000.0,-1050000.0,-5219000,-6790000,-13000.0,-6803000,-6803000,-6949000,MATR,2017-06-30
USD,2017,3,2017-11-08,2017-11-08,31463000.0,31463000.0,11344000.0,-3119000.0,8225000.0,-10876000.0,-5985000.0,-2651000.0,-321000.0,-334000.0,-2972000,-3024000,8000.0,-3016000,-3016000,-3162000,MATR,2017-09-30
USD,2017,4,2018-03-12,2018-03-12,31582000.0,31582000.0,13649000.0,-3682000.0,9967000.0,-11265000.0,-6692000.0,-1298000.0,-430000.0,-432000.0,-1728000,-1659000,110000.0,-1549000,-1549000,-1695000,MATR,2017-12-31
USD,2018,1,2018-05-10,2018-05-10,31747000.0,31747000.0,13714000.0,-3926000.0,9788000.0,-11779000.0,-6911000.0,-1991000.0,-265000.0,-266000.0,-2256000,-2146000,15000.0,-2131000,-2131000,-2277000,MATR,2018-03-31
USD,2018,2,2018-08-09,2018-08-09,31927000.0,31927000.0,11725000.0,-3564000.0,8161000.0,-12225000.0,-7146000.0,-4064000.0,-343000.0,-343000.0,-4407000,-4532000,-6000.0,-4538000,-4538000,-4684000,MATR,2018-06-30
