Currency,Fiscal Year,Fiscal Period,Publish Date,Restated Date,Shares (Basic),Shares (Diluted),Revenue,Cost of Revenue,Gross Profit,Operating Expenses,"Selling, General & Administrative",Operating Income (Loss),Non-Operating Income (Loss),"Interest Expense, Net","Pretax Income (Loss), Adj.",Pretax Income (Loss),"Income Tax (Expense) Benefit, Net",Income (Loss) from Continuing Operations,Net Income,Net Income (Common),Ticker,Report_Date
USD,2019,1,2018-11-02,2018-11-02,33425065.0,33425065.0,56266000.0,-10575000.0,45691000.0,-48659000.0,-41242000.0,-2968000.0,113000.0,-424000.0,-2855000,-2855000,-33000.0,-2888000,-2888000,-2888000,CSII,2018-09-30
USD,2019,2,2019-02-01,2019-02-01,33507843.0,34120639.0,60206000.0,-11477000.0,48729000.0,-48345000.0,-41107000.0,384000.0,141000.0,-422000.0,525000,525000,-33000.0,492000,492000,492000,CSII,2018-12-31
USD,2019,3,2019-05-03,2019-05-03,33600148.0,34241432.0,63311000.0,-12166000.0,51145000.0,-50638000.0,-41356000.0,507000.0,251000.0,251000.0,758000,758000,-86000.0,672000,672000,672000,CSII,2019-03-31
USD,2019,4,2019-08-23,2019-08-23,33609980.0,32355900.0,68234000.0,-13462000.0,54772000.0,-53520000.0,-43995000.0,1252000.0,255000.0,1355000.0,1507000,1507000,-38000.0,1469000,1469000,1469000,CSII,2019-06-30
USD,2020,1,2019-10-31,2019-10-31,33870224.0,33870224.0,64490000.0,-12672000.0,51818000.0,-57751000.0,-46752000.0,-5933000.0,191000.0,191000.0,-5742000,-5742000,-38000.0,-5780000,-5780000,-5780000,CSII,2019-09-30
USD,2020,2,2020-02-06,2021-02-04,34069412.0,34069412.0,68334000.0,-13718000.0,54616000.0,-57990000.0,-46867000.0,-3374000.0,17000.0,-500000.0,-3357000,-3357000,-44000.0,-3401000,-3401000,-3401000,CSII,2019-12-31
USD,2020,3,2020-05-07,2021-05-06,34149561.0,34149561.0,61175000.0,-12225000.0,48950000.0,-51685000.0,-41384000.0,-2735000.0,-107000.0,-501000.0,-2842000,-2842000,-47000.0,-2889000,-2889000,-2889000,CSII,2020-03-31
USD,2020,4,2020-08-20,2020-08-20,35014631.0,35014631.0,42546000.0,-10144000.0,32402000.0,-47132000.0,-34966000.0,-14730000.0,-334000.0,577000.0,-15064000,-15064000,-102000.0,-15166000,-15166000,-15166000,CSII,2020-06-30
