Currency,Fiscal Year,Fiscal Period,Publish Date,Restated Date,Shares (Basic),Shares (Diluted),Revenue,Cost of Revenue,Gross Profit,Operating Expenses,"Selling, General & Administrative",Operating Income (Loss),Non-Operating Income (Loss),"Interest Expense, Net","Pretax Income (Loss), Adj.",Pretax Income (Loss),"Income Tax (Expense) Benefit, Net",Income (Loss) from Continuing Operations,Net Income,Net Income (Common),Ticker,Report_Date
USD,2014,4,2015-03-17,2017-02-27,51312531.0,51806324.0,791039000.0,-454652000.0,336387000.0,-288867000.0,-163595000.0,47520000.0,-70352000.0,-62153000.0,-22832000,-92348000,40240000.0,-52108000,-52108000,-52108000,ZBRA,2014-12-31
USD,2015,1,2015-05-14,2016-05-10,50667000.0,50667000.0,893000000.0,-484000000.0,409000000.0,-352000000.0,-188000000.0,57000000.0,-78000000.0,-51000000.0,-21000000,-58000000,33000000.0,-25000000,-25000000,-25000000,ZBRA,2015-03-31
USD,2015,2,2015-08-13,2016-08-09,50917000.0,50917000.0,890000000.0,-497000000.0,393000000.0,-358000000.0,-195000000.0,35000000.0,-39000000.0,-50000000.0,-4000000,-53000000,-24000000.0,-77000000,-77000000,-77000000,ZBRA,2015-06-30
USD,2015,3,2015-11-12,2016-11-15,51151541.0,51151541.0,916000000.0,-502000000.0,414000000.0,-346000000.0,-187000000.0,68000000.0,-50000000.0,-46000000.0,18000000,-25000000,-4000000.0,-29000000,-29000000,-29000000,ZBRA,2015-09-30
USD,2015,4,2016-02-29,2018-02-22,51249647.0,51249647.0,951000000.0,-523000000.0,428000000.0,-366000000.0,-207000000.0,62000000.0,-50000000.0,-46000000.0,12000000,-44000000,17000000.0,-27000000,-27000000,-27000000,ZBRA,2015-12-31
USD,2016,1,2016-05-10,2017-05-09,51277510.0,51277510.0,849000000.0,-459000000.0,390000000.0,-339000000.0,-187000000.0,51000000.0,-49000000.0,-50000000.0,2000000,-39000000,13000000.0,-26000000,-26000000,-26000000,ZBRA,2016-03-31
USD,2016,2,2016-08-09,2017-08-08,51533236.0,51533236.0,879000000.0,-473000000.0,406000000.0,-344000000.0,-189000000.0,62000000.0,-56000000.0,-49000000.0,6000000,-33000000,-12000000.0,-45000000,-45000000,-45000000,ZBRA,2016-06-30
USD,2016,3,2016-11-15,2017-11-07,51579112.0,51579112.0,904000000.0,-490000000.0,414000000.0,-341000000.0,-186000000.0,73000000.0,-53000000.0,-46000000.0,20000000,-77000000,-6000000.0,-83000000,-83000000,-83000000,ZBRA,2016-09-30
USD,2016,4,2017-02-27,2019-02-14,51579112.0,51579112.0,942000000.0,-510000000.0,432000000.0,-332000000.0,-189000000.0,100000000.0,-51000000.0,-48000000.0,49000000,20000000,-3000000.0,17000000,17000000,17000000,ZBRA,2016-12-31
USD,2017,1,2017-05-09,2018-05-08,51842025.0,52946883.0,865000000.0,-464000000.0,401000000.0,-330000000.0,-184000000.0,71000000.0,-42000000.0,-41000000.0,29000000,-2000000,10000000.0,8000000,8000000,8000000,ZBRA,2017-03-31
USD,2017,2,2017-08-08,2018-08-07,51996353.0,53128657.0,896000000.0,-485000000.0,411000000.0,-333000000.0,-182000000.0,78000000.0,-39000000.0,-40000000.0,39000000,19000000,-2000000.0,17000000,17000000,17000000,ZBRA,2017-06-30
USD,2017,3,2017-11-07,2018-11-06,53021761.0,53688832.0,935000000.0,-506000000.0,429000000.0,-329000000.0,-184000000.0,100000000.0,-98000000.0,-95000000.0,2000000,-7000000,-5000000.0,-12000000,-12000000,-12000000,ZBRA,2017-09-30
USD,2017,4,2018-02-22,2020-02-13,53021761.0,53688832.0,1026000000.0,-557000000.0,469000000.0,-330000000.0,-199000000.0,139000000.0,-55000000.0,-51000000.0,84000000,78000000,-74000000.0,4000000,4000000,4000000,ZBRA,2017-12-31
USD,2018,1,2018-05-08,2019-04-30,53286249.0,53985755.0,977000000.0,-512000000.0,465000000.0,-315000000.0,-191000000.0,150000000.0,-11000000.0,-11000000.0,139000000,133000000,-24000000.0,109000000,109000000,109000000,ZBRA,2018-03-31
USD,2018,2,2018-08-07,2019-07-30,53537876.0,54255707.0,1012000000.0,-540000000.0,472000000.0,-346000000.0,-214000000.0,126000000.0,-25000000.0,-23000000.0,101000000,100000000,-30000000.0,70000000,70000000,70000000,ZBRA,2018-06-30
USD,2018,3,2018-11-06,2019-10-30,53591655.0,54299812.0,1092000000.0,-587000000.0,505000000.0,-333000000.0,-195000000.0,172000000.0,-19000000.0,-18000000.0,153000000,143000000,-16000000.0,127000000,127000000,127000000,ZBRA,2018-09-30
USD,2018,4,2019-02-14,2021-02-11,53591655.0,54299812.0,1137000000.0,-598000000.0,539000000.0,-358000000.0,-211000000.0,181000000.0,-31000000.0,-39000000.0,150000000,148000000,-33000000.0,115000000,115000000,115000000,ZBRA,2018-12-31
USD,2019,1,2019-04-30,2020-04-28,53905426.0,54554868.0,1066000000.0,-565000000.0,501000000.0,-337000000.0,-198000000.0,164000000.0,-28000000.0,-24000000.0,136000000,131000000,-16000000.0,115000000,115000000,115000000,ZBRA,2019-03-31
USD,2019,2,2019-07-30,2020-07-28,54027576.0,54648699.0,1097000000.0,-577000000.0,520000000.0,-355000000.0,-217000000.0,165000000.0,-31000000.0,-33000000.0,134000000,129000000,-5000000.0,124000000,124000000,124000000,ZBRA,2019-06-30
USD,2019,3,2019-10-30,2020-11-03,53991249.0,54594417.0,1130000000.0,-595000000.0,535000000.0,-338000000.0,-202000000.0,197000000.0,-26000000.0,-28000000.0,171000000,159000000,-23000000.0,136000000,136000000,136000000,ZBRA,2019-09-30
USD,2019,4,2020-02-13,2021-02-11,53991249.0,54594417.0,1192000000.0,-648000000.0,544000000.0,-346000000.0,-209000000.0,198000000.0,-9000000.0,-4000000.0,189000000,179000000,-10000000.0,169000000,169000000,169000000,ZBRA,2019-12-31
USD,2020,1,2020-04-28,2021-05-04,53760873.0,54318044.0,1052000000.0,-579000000.0,473000000.0,-317000000.0,-196000000.0,156000000.0,-48000000.0,-45000000.0,108000000,103000000,-14000000.0,89000000,89000000,89000000,ZBRA,2020-03-31
USD,2020,2,2020-07-28,2020-07-28,53760873.0,54318044.0,956000000.0,-537000000.0,419000000.0,-297000000.0,-183000000.0,122000000.0,-16000000.0,-14000000.0,106000000,103000000,-3000000.0,100000000,100000000,100000000,ZBRA,2020-06-30
