Currency,Fiscal Year,Fiscal Period,Publish Date,Restated Date,Shares (Basic),Shares (Diluted),Revenue,Cost of Revenue,Gross Profit,Operating Expenses,"Selling, General & Administrative",Operating Income (Loss),Non-Operating Income (Loss),"Interest Expense, Net","Pretax Income (Loss), Adj.",Pretax Income (Loss),"Income Tax (Expense) Benefit, Net",Income (Loss) from Continuing Operations,Net Income,Net Income (Common),Ticker,Report_Date
USD,2019,2,2019-07-25,2019-07-25,401042000.0,405941500.0,1864700000.0,-960700000.0,904000000.0,-654500000.0,-537100000.0,249500000.0,-45200000.0,-44400000.0,204300000,204300000,-29000000.0,175300000,174600000,157400000,FTV,2019-06-30
USD,2019,3,2019-10-25,2019-10-25,401639500.0,406180500.0,1860000000.0,-932300000.0,927700000.0,-685600000.0,-566500000.0,242100000.0,-48200000.0,-47000000.0,193900000,235100000,-27800000.0,207300000,207100000,189800000,FTV,2019-09-30
USD,2019,4,2020-02-27,2020-02-27,401998000.0,407375500.0,-753700000.0,592500001.0,-161199999.0,-103800000.0,-129000000.0,-264999999.0,-29700000.0,-25900000.0,-294699999,-295099999,16600000.0,-278499999,192800001,175600001,FTV,2019-12-31
USD,2020,1,2020-04-30,2021-04-29,402476000.0,406300000.0,1108100000.0,-496100000.0,612000000.0,-496600000.0,-415800000.0,115400000.0,-43100000.0,-38600000.0,72300000,72300000,-17500000.0,54800000,41900000,24600000,FTV,2020-03-31
USD,2020,2,2020-07-28,2020-07-28,403073500.0,405941500.0,1571200000.0,-756900000.0,814300000.0,-623200000.0,-516600000.0,191100000.0,-37900000.0,-43200000.0,153200000,153200000,-22900000.0,130300000,130000000,112800000,FTV,2020-06-30
