Currency,Fiscal Year,Fiscal Period,Publish Date,Restated Date,Shares (Basic),Shares (Diluted),Revenue,Cost of Revenue,Gross Profit,Operating Expenses,"Selling, General & Administrative",Operating Income (Loss),Non-Operating Income (Loss),"Interest Expense, Net","Pretax Income (Loss), Adj.",Pretax Income (Loss),"Income Tax (Expense) Benefit, Net",Income (Loss) from Continuing Operations,Net Income,Net Income (Common),Ticker,Report_Date
USD,2018,3,2018-10-30,2019-10-31,275175000.0,277528000.0,970283000.0,-703368000.0,266915000.0,-130152000.0,-130152000.0,136763000.0,-40863000.0,-39291000.0,95900000,95900000,-25021000.0,70879000,73005000,73005000,SABR,2018-09-30
USD,2018,4,2019-02-15,2021-02-25,275330000.0,278520000.0,923928000.0,-635033000.0,288895000.0,-167876000.0,-167876000.0,121019000.0,-37870000.0,-40208000.0,83149000,83149000,3879000.0,87028000,84400000,84400000,SABR,2018-12-31
USD,2019,1,2019-05-01,2019-05-01,275589000.0,277605000.0,1049361000.0,-787563000.0,261798000.0,-151391000.0,-151391000.0,110407000.0,-39350000.0,-38013000.0,71057000,71057000,-11843000.0,59214000,56850000,56850000,SABR,2019-03-31
USD,2019,2,2019-08-01,2019-08-01,274245000.0,275483000.0,1000006000.0,-763388000.0,236618000.0,-154705000.0,-154705000.0,81913000.0,-41674000.0,-39608000.0,40239000,40239000,-12145000.0,28094000,27838000,27838000,SABR,2019-06-30
USD,2019,3,2019-10-31,2019-10-31,273763000.0,276235000.0,984199000.0,-750821000.0,233378000.0,-119918000.0,-119918000.0,113460000.0,-40485000.0,-39743000.0,72975000,72975000,-7795000.0,65180000,63813000,63813000,SABR,2019-09-30
USD,2019,4,2020-02-26,2020-02-26,273075000.0,275545000.0,941422000.0,-709589000.0,231833000.0,-174196000.0,-174196000.0,57637000.0,-42270000.0,-39027000.0,15367000,15367000,-3543000.0,11824000,10091000,10091000,SABR,2019-12-31
USD,2020,1,2020-05-08,2021-05-04,274037000.0,274037000.0,658977000.0,-606787000.0,52190000.0,-203601000.0,-203601000.0,-151411000.0,-85614000.0,-37442000.0,-237025000,-237025000,27254000.0,-209771000,-212680000,-212680000,SABR,2020-03-31
USD,2020,2,2020-08-10,2020-08-10,275693000.0,275693000.0,83044000.0,-350551000.0,-267507000.0,-116563000.0,-116563000.0,-384070000.0,-65178000.0,-58581000.0,-449248000,-449248000,5718000.0,-443530000,-444131000,-444131000,SABR,2020-06-30
