Currency,Fiscal Year,Fiscal Period,Publish Date,Restated Date,Shares (Basic),Shares (Diluted),Revenue,Cost of Revenue,Gross Profit,Operating Expenses,"Selling, General & Administrative",Operating Income (Loss),Non-Operating Income (Loss),"Interest Expense, Net","Pretax Income (Loss), Adj.",Pretax Income (Loss),"Income Tax (Expense) Benefit, Net",Income (Loss) from Continuing Operations,Net Income,Net Income (Common),Ticker,Report_Date
USD,2016,4,2017-03-01,2017-03-01,32201000.0,32201000.0,44241000.0,-36326000.0,7915000.0,-8190000.0,-1524000.0,-275000.0,-202000.0,-202000.0,-477000,-477000,186000.0,-291000,-291000,-291000,DDE,2016-12-31
USD,2017,1,2017-05-04,2018-05-11,32319000.0,32319000.0,44012000.0,-33866000.0,10146000.0,-10158000.0,-1375000.0,-12000.0,-165000.0,-209000.0,-177000,-177000,-19000.0,-196000,-196000,-196000,DDE,2017-03-31
USD,2017,2,2017-08-04,2018-08-02,32322000.0,32322000.0,43141000.0,-32115000.0,11026000.0,-10844000.0,-1333000.0,182000.0,-164000.0,-208000.0,18000,18000,15000.0,33000,33000,33000,DDE,2017-06-30
USD,2017,3,2017-11-06,2018-11-08,32322000.0,32322000.0,44961000.0,-34446000.0,10515000.0,-10553000.0,-1316000.0,-38000.0,-187000.0,-217000.0,-225000,-225000,87000.0,-138000,-138000,-138000,DDE,2017-09-30
USD,2017,4,2018-03-01,2018-11-08,32321000.0,32321000.0,44810000.0,-45782000.0,-972000.0,1073000.0,-1150000.0,101000.0,-324000.0,-206000.0,-223000,-223000,-544000.0,-767000,-767000,-767000,DDE,2017-12-31
USD,2018,1,2018-05-11,2018-05-11,32444000.0,32444000.0,43159000.0,-32835000.0,10324000.0,-10559000.0,-1385000.0,-235000.0,-126000.0,-209000.0,-361000,-361000,88000.0,-273000,-273000,-273000,DDE,2018-03-31
USD,2018,2,2018-08-02,2018-08-02,32447000.0,32447000.0,44133000.0,-32730000.0,11403000.0,-11047000.0,-1342000.0,356000.0,-115000.0,-199000.0,241000,241000,-88000.0,153000,153000,153000,DDE,2018-06-30
USD,2018,3,2018-11-08,2018-11-08,32447000.0,32447000.0,46007000.0,-34427000.0,11580000.0,-10858000.0,-1355000.0,722000.0,-106000.0,-190000.0,616000,-149000,-120000.0,-269000,-269000,-269000,DDE,2018-09-30
USD,2018,4,2019-03-21,2019-03-21,32446000.0,32446000.0,46632000.0,-33975000.0,12657000.0,-11505000.0,-1242000.0,1152000.0,-141000.0,-192000.0,1011000,686000,-267000.0,419000,419000,419000,DDE,2018-12-31
