Currency,Fiscal Year,Fiscal Period,Publish Date,Restated Date,Shares (Basic),Shares (Diluted),Revenue,Cost of Revenue,Gross Profit,Operating Expenses,"Selling, General & Administrative",Operating Income (Loss),Non-Operating Income (Loss),"Interest Expense, Net","Pretax Income (Loss), Adj.",Pretax Income (Loss),"Income Tax (Expense) Benefit, Net",Income (Loss) from Continuing Operations,Net Income,Net Income (Common),Ticker,Report_Date
USD,2018,1,2018-07-10,2018-07-10,26521000.0,26614000.0,354679000.0,-208121000.0,146558000.0,-101506000.0,-101506000.0,45052000.0,-2612000.0,-2687000.0,42440000,40715000,-2542000.0,38173000,37792000,37792000,HELE,2018-05-31
USD,2018,2,2018-10-10,2018-10-10,26359000.0,26557000.0,393548000.0,-238375000.0,155173000.0,-103654000.0,-103654000.0,51519000.0,-2670000.0,-2755000.0,48849000,47990000,-3973000.0,44017000,44017000,44017000,HELE,2018-08-31
USD,2018,3,2019-01-09,2019-01-09,26057000.0,26366000.0,431081000.0,-249236000.0,181845000.0,-120524000.0,-120524000.0,61321000.0,-2956000.0,-2971000.0,58365000,58340000,-4020000.0,54320000,49470000,49470000,HELE,2018-11-30
USD,2018,4,2019-04-29,2019-04-29,25355000.0,25675000.0,384843000.0,-227313000.0,157530000.0,-112457000.0,-112457000.0,45073000.0,-3141000.0,-3306000.0,41932000,40955000,-3241000.0,37714000,37266000,37266000,HELE,2019-02-28
USD,2019,1,2019-07-10,2019-07-10,25019000.0,25245000.0,376335000.0,-222608000.0,153727000.0,-105901000.0,-105901000.0,47826000.0,-3176000.0,-3308000.0,44650000,44031000,-3337000.0,40694000,40694000,40694000,HELE,2019-05-31
USD,2019,2,2019-10-10,2020-10-09,25116000.0,25245000.0,413995000.0,-235844000.0,178151000.0,-123201000.0,-123201000.0,54950000.0,-3127000.0,-3216000.0,51823000,51393000,-5298000.0,46095000,46095000,46095000,HELE,2019-08-31
USD,2019,3,2020-01-09,2021-01-08,25161000.0,25396000.0,474737000.0,-264764000.0,209973000.0,-130692000.0,-130692000.0,79281000.0,-2675000.0,-2767000.0,76606000,76594000,-7895000.0,68699000,68699000,68699000,HELE,2019-11-30
USD,2019,4,2020-04-29,2020-10-09,25176000.0,25402000.0,442365000.0,-249750000.0,192615000.0,-152108000.0,-152108000.0,40507000.0,-3333000.0,-3414000.0,37174000,-6078000,2923000.0,-3155000,-3155000,-3155000,HELE,2020-02-29
USD,2020,1,2020-07-10,2021-07-09,25254000.0,25397000.0,420835000.0,-241534000.0,179301000.0,-121989000.0,-121989000.0,57312000.0,-3610000.0,-3846000.0,53702000,53369000,6917000.0,60286000,60286000,60286000,HELE,2020-05-31
