Currency,Fiscal Year,Fiscal Period,Publish Date,Restated Date,Shares (Basic),Shares (Diluted),Revenue,Cost of Revenue,Gross Profit,Operating Expenses,"Selling, General & Administrative",Operating Income (Loss),Non-Operating Income (Loss),"Interest Expense, Net","Pretax Income (Loss), Adj.",Pretax Income (Loss),"Income Tax (Expense) Benefit, Net",Income (Loss) from Continuing Operations,Net Income,Net Income (Common),Ticker,Report_Date
USD,2017,2,2017-09-07,2017-09-07,13793000.0,13793000.0,98280000.0,-46227000.0,52053000.0,-52806000.0,-52806000.0,-753000.0,-979000.0,-979000.0,-1732000,-2681000,-93000.0,-2774000,-2774000,-2774000,DESTQ,2017-08-31
USD,2017,3,2017-12-07,2017-12-07,13800000.0,13800000.0,96354000.0,-45453000.0,50901000.0,-53234000.0,-53234000.0,-2333000.0,-1006000.0,-1006000.0,-3339000,-7450000,-73000.0,-7523000,-7523000,-7523000,DESTQ,2017-11-30
USD,2017,4,2018-04-19,2018-04-19,13811000.0,13811000.0,105147000.0,-52188000.0,52959000.0,-56967000.0,-56967000.0,-4008000.0,-1056000.0,-1056000.0,-5064000,-10415000,257000.0,-10158000,-10158000,-10158000,DESTQ,2018-02-28
USD,2018,1,2018-06-14,2018-06-14,13839000.0,13963000.0,103227000.0,-47824000.0,55403000.0,-51857000.0,-51857000.0,3546000.0,-1157000.0,-1157000.0,2389000,270000,-56000.0,214000,214000,214000,DESTQ,2018-05-31
USD,2018,2,2018-09-10,2018-09-10,13823000.0,13823000.0,96395000.0,-46530000.0,49865000.0,-50095000.0,-50095000.0,-230000.0,-1144000.0,-1144000.0,-1374000,-3969000,-56000.0,-4025000,-4025000,-4025000,DESTQ,2018-08-31
USD,2018,3,2018-12-11,2018-12-11,13895000.0,13895000.0,92837000.0,-44181000.0,48656000.0,-48629000.0,-48629000.0,27000.0,-1232000.0,-1232000.0,-1205000,-4058000,-56000.0,-4114000,-4114000,-4114000,DESTQ,2018-11-30
USD,2018,4,2019-04-16,2019-04-16,13999000.0,13875000.0,91291000.0,-47068000.0,44223000.0,-47750000.0,-47750000.0,-3527000.0,-1295000.0,-1295000.0,-4822000,-6673000,271000.0,-6402000,-6402000,-6402000,DESTQ,2019-02-28
USD,2019,1,2019-06-12,2019-06-12,13825000.0,13901000.0,94213000.0,-42616000.0,51597000.0,-48490000.0,-48490000.0,3107000.0,-1415000.0,-1415000.0,1692000,161000,-31000.0,130000,130000,130000,DESTQ,2019-05-31
USD,2019,2,2019-09-17,2019-09-17,13871000.0,13871000.0,84901000.0,-41253000.0,43648000.0,-45153000.0,-45153000.0,-1505000.0,-1340000.0,-1340000.0,-2845000,-3504000,-31000.0,-3535000,-3535000,-3535000,DESTQ,2019-08-31
