Currency,Fiscal Year,Fiscal Period,Publish Date,Restated Date,Shares (Basic),Shares (Diluted),Revenue,Cost of Revenue,Gross Profit,Operating Expenses,"Selling, General & Administrative",Operating Income (Loss),Non-Operating Income (Loss),"Interest Expense, Net","Pretax Income (Loss), Adj.",Pretax Income (Loss),"Income Tax (Expense) Benefit, Net",Income (Loss) from Continuing Operations,Net Income,Net Income (Common),Ticker,Report_Date
USD,2016,4,2016-11-03,2017-10-27,47237000.0,48037000.0,162118000.0,-92487000.0,69631000.0,-29084000.0,-19747000.0,40547000.0,-7059000.0,-7059000.0,33488000,33256000,-7819000.0,25437000,25437000,25437000,SONC,2016-08-31
USD,2017,1,2017-01-06,2018-01-08,45720000.0,46543000.0,129551000.0,-75308000.0,54243000.0,-27191000.0,-19754000.0,27052000.0,-6695000.0,-6695000.0,20357000,20357000,-7239000.0,13118000,13118000,13118000,SONC,2016-11-30
USD,2017,2,2017-04-04,2017-04-04,43794000.0,44550000.0,100158000.0,-57226000.0,42932000.0,-20305000.0,-18296000.0,22627000.0,-6965000.0,-6965000.0,15662000,15662000,-4699000.0,10963000,10963000,10963000,SONC,2017-02-28
USD,2017,3,2017-06-30,2017-06-30,42402000.0,43093000.0,123990000.0,-58806000.0,65184000.0,-29743000.0,-20763000.0,35441000.0,-7027000.0,-7027000.0,28414000,28414000,-9663000.0,18751000,18751000,18751000,SONC,2017-05-31
USD,2017,4,2017-10-27,2017-10-27,41308000.0,41986000.0,123568000.0,-58571000.0,64997000.0,-25702000.0,-19874000.0,39295000.0,-7121000.0,-7121000.0,32174000,31034000,-10203000.0,20831000,20831000,20831000,SONC,2017-08-31
USD,2018,1,2018-01-08,2018-01-08,39327000.0,39885000.0,105428000.0,-54066000.0,51362000.0,-28914000.0,-19769000.0,22448000.0,-7293000.0,-7293000.0,15155000,15155000,-3725000.0,11430000,11430000,11430000,SONC,2017-11-30
USD,2018,2,2018-04-03,2018-04-03,38284000.0,38697000.0,88102000.0,-47054000.0,41048000.0,-26134000.0,-16846000.0,14914000.0,-7683000.0,-7683000.0,7231000,5921000,13686000.0,19607000,19607000,19607000,SONC,2018-02-28
USD,2018,3,2018-07-03,2018-07-03,36924000.0,37316000.0,118306000.0,-54371000.0,63935000.0,-26674000.0,-21118000.0,37261000.0,-8074000.0,-8074000.0,29187000,29187000,-7611000.0,21576000,21576000,21576000,SONC,2018-05-31
USD,2018,4,2018-12-14,2018-12-14,35937000.0,36446000.0,111754000.0,-47686000.0,64068000.0,-31624000.0,-22344000.0,32444000.0,-8104000.0,-8104000.0,24340000,23676000,-5084000.0,18592000,18592000,18592000,SONC,2018-08-31
