Currency,Fiscal Year,Fiscal Period,Publish Date,Restated Date,Shares (Basic),Shares (Diluted),Revenue,Cost of Revenue,Gross Profit,Operating Expenses,"Selling, General & Administrative",Operating Income (Loss),Non-Operating Income (Loss),"Interest Expense, Net","Pretax Income (Loss), Adj.",Pretax Income (Loss),"Income Tax (Expense) Benefit, Net",Income (Loss) from Continuing Operations,Net Income,Net Income (Common),Ticker,Report_Date
USD,2017,3,2017-12-01,2017-12-01,22702000.0,22702000.0,385959000.0,-299271000.0,86688000.0,-96103000.0,-93101000.0,-9415000.0,-1955000.0,-2149000.0,-11370000,-11370000,437000.0,-10933000,-10933000,-10933000,SHOS,2017-11-30
USD,2017,4,2018-04-19,2018-06-08,22744000.0,22741000.0,395774000.0,-320022000.0,75752000.0,-106863000.0,-100377000.0,-31111000.0,-2263000.0,-2444000.0,-33374000,-33374000,130000.0,-33244000,-33244000,-33244000,SHOS,2018-02-28
USD,2018,1,2018-06-08,2018-06-08,22702000.0,22702000.0,381281000.0,-293803000.0,87478000.0,-93087000.0,-90479000.0,-5609000.0,-3352000.0,-3452000.0,-8961000,-8961000,-408000.0,-9369000,-9369000,-9369000,SHOS,2018-05-31
USD,2018,2,2018-09-07,2018-09-07,22702000.0,22702000.0,431032000.0,-339080000.0,91952000.0,-97784000.0,-94005000.0,-5832000.0,-3448000.0,-3604000.0,-9280000,-9280000,-46000.0,-9326000,-9326000,-9326000,SHOS,2018-08-31
USD,2018,3,2018-12-07,2018-12-07,22702000.0,22702000.0,339115000.0,-254284000.0,84831000.0,-86417000.0,-85376000.0,-1586000.0,-3508000.0,-3601000.0,-5094000,-5094000,594000.0,-4500000,-4500000,-4500000,SHOS,2018-11-30
USD,2018,4,2019-05-03,2019-05-03,22702000.0,22702000.0,298520000.0,-239585000.0,58935000.0,-82810000.0,-79222000.0,-23875000.0,-4001000.0,-4019000.0,-27876000,-29965000,-304000.0,-30269000,-30269000,-30269000,SHOS,2019-02-28
USD,2019,1,2019-06-21,2019-06-21,22702000.0,22702000.0,291072000.0,-229042000.0,62030000.0,-69855000.0,-67543000.0,-7825000.0,-3961000.0,-3970000.0,-11786000,-11786000,-268000.0,-12054000,-12054000,-12054000,SHOS,2019-05-31
USD,2019,2,2019-09-19,2019-09-19,22702000.0,22702000.0,168594000.0,-136878000.0,31716000.0,-47741000.0,-46633000.0,-16025000.0,-3148000.0,-3154000.0,-19173000,-19173000,1124000.0,-18049000,-11006000,-11006000,SHOS,2019-08-31
