Currency,Fiscal Year,Fiscal Period,Publish Date,Restated Date,Shares (Basic),Shares (Diluted),Revenue,Cost of Revenue,Gross Profit,Operating Expenses,"Selling, General & Administrative",Operating Income (Loss),Non-Operating Income (Loss),"Interest Expense, Net","Pretax Income (Loss), Adj.",Pretax Income (Loss),"Income Tax (Expense) Benefit, Net",Income (Loss) from Continuing Operations,Net Income,Net Income (Common),Ticker,Report_Date
USD,2018,3,2018-11-08,2019-11-06,50513000.0,50513000.0,29729000.0,-14687000.0,15042000.0,-29308000.0,-20009000.0,-14266000.0,558000.0,232000.0,-13708000,-13708000,-84000.0,-13792000,-13792000,-13792000,MGNI,2018-09-30
USD,2018,4,2019-02-27,2021-02-25,49832000.0,49832000.0,41432000.0,-15489000.0,25943000.0,-28426000.0,-19601000.0,-2483000.0,377000.0,211000.0,-2106000,-2106000,-124000.0,-2230000,-2230000,-2230000,MGNI,2018-12-31
USD,2019,1,2019-05-02,2020-05-06,51635000.0,51635000.0,32416000.0,-15116000.0,17300000.0,-30588000.0,-20872000.0,-13288000.0,34000.0,193000.0,-13254000,-13254000,708000.0,-12546000,-12546000,-12546000,MGNI,2019-03-31
USD,2019,2,2019-07-31,2020-08-10,52358000.0,52358000.0,37870000.0,-15085000.0,22785000.0,-31385000.0,-21546000.0,-8600000.0,403000.0,214000.0,-8197000,-8197000,-84000.0,-8281000,-8281000,-8281000,MGNI,2019-06-30
USD,2019,3,2019-11-06,2020-11-09,53023000.0,53023000.0,37642000.0,-13869000.0,23773000.0,-30454000.0,-20161000.0,-6681000.0,562000.0,218000.0,-6119000,-6119000,-55000.0,-6174000,-6174000,-6174000,MGNI,2019-09-30
USD,2019,4,2020-02-27,2021-02-25,53440000.0,81364000.0,48486000.0,-13321000.0,35165000.0,-32138000.0,-21736000.0,3027000.0,-406000.0,164000.0,2621000,580000,943000.0,1523000,1523000,1523000,MGNI,2019-12-31
USD,2020,1,2020-05-06,2021-05-10,54866000.0,54866000.0,36295000.0,-14003000.0,22292000.0,-31089000.0,-20396000.0,-8797000.0,851000.0,144000.0,-7946000,-9876000,201000.0,-9675000,-9675000,-9675000,MGNI,2020-03-31
USD,2020,2,2020-08-10,2020-08-10,108530000.0,108530000.0,42348000.0,-21545000.0,20803000.0,-48872000.0,-35809000.0,-28069000.0,1722000.0,-2000.0,-26347000,-38840000,-288000.0,-39128000,-39128000,-39128000,MGNI,2020-06-30
