Currency,Fiscal Year,Fiscal Period,Publish Date,Restated Date,Shares (Basic),Shares (Diluted),Revenue,Cost of Revenue,Gross Profit,Operating Expenses,"Selling, General & Administrative",Operating Income (Loss),Non-Operating Income (Loss),"Interest Expense, Net","Pretax Income (Loss), Adj.",Pretax Income (Loss),"Income Tax (Expense) Benefit, Net",Income (Loss) from Continuing Operations,Net Income,Net Income (Common),Ticker,Report_Date
USD,2018,3,2018-12-06,2018-12-06,42500000.0,43200000.0,1177000000.0,-1048000000.0,129000000.0,-42000000.0,-42000000.0,87000000.0,-16000000.0,-16000000.0,71000000,58000000,-10000000.0,48000000,48000000,48000000,SAIC,2018-10-31
USD,2018,4,2019-03-29,2019-03-29,46200000.0,46600000.0,1192000000.0,-1070000000.0,122000000.0,-43000000.0,-43000000.0,79000000.0,-12000000.0,-15000000.0,67000000,-7000000,-2000000.0,-9000000,-9000000,-9000000,SAIC,2019-01-31
USD,2019,1,2019-06-06,2019-06-06,59300000.0,60000000.0,1615000000.0,-1435000000.0,180000000.0,-77000000.0,-77000000.0,103000000.0,-25000000.0,-25000000.0,78000000,70000000,-14000000.0,56000000,55000000,55000000,SAIC,2019-04-30
USD,2019,2,2019-09-06,2019-09-06,58600000.0,59100000.0,1594000000.0,-1409000000.0,185000000.0,-82000000.0,-82000000.0,103000000.0,-22000000.0,-22000000.0,81000000,74000000,-17000000.0,57000000,57000000,57000000,SAIC,2019-07-31
USD,2019,3,2019-12-06,2020-12-04,57700000.0,58300000.0,1630000000.0,-1456000000.0,174000000.0,-68000000.0,-68000000.0,106000000.0,-21000000.0,-22000000.0,85000000,73000000,-17000000.0,56000000,55000000,55000000,SAIC,2019-10-31
USD,2019,4,2020-03-27,2020-03-27,58000000.0,58600000.0,1540000000.0,-1373000000.0,167000000.0,-61000000.0,-61000000.0,106000000.0,-16000000.0,-21000000.0,90000000,69000000,-9000000.0,60000000,59000000,59000000,SAIC,2020-01-31
USD,2020,1,2020-06-05,2021-06-04,57900000.0,58500000.0,1757000000.0,-1574000000.0,183000000.0,-76000000.0,-76000000.0,107000000.0,-33000000.0,-31000000.0,74000000,45000000,-8000000.0,37000000,36000000,36000000,SAIC,2020-04-30
