Currency,Fiscal Year,Fiscal Period,Publish Date,Restated Date,Shares (Basic),Shares (Diluted),Revenue,Cost of Revenue,Gross Profit,Operating Expenses,"Selling, General & Administrative",Operating Income (Loss),Non-Operating Income (Loss),"Interest Expense, Net","Pretax Income (Loss), Adj.",Pretax Income (Loss),"Income Tax (Expense) Benefit, Net",Income (Loss) from Continuing Operations,Net Income,Net Income (Common),Ticker,Report_Date
USD,2018,3,2018-11-06,2018-11-06,139300000.0,141500000.0,414200000.0,-215300000.0,198900000.0,-121200000.0,-74400000.0,77700000.0,-31800000.0,-32000000.0,45900000,47100000,-1000000.0,46800000,46800000,46800000,OUT,2018-09-30
USD,2018,4,2019-02-27,2021-02-26,139900000.0,138600000.0,452400000.0,-235500000.0,216900000.0,-126200000.0,-121100000.0,90700000.0,-33000000.0,-32700000.0,57700000,58300000,-2500000.0,57199999,57199999,57199999,OUT,2018-12-31
USD,2019,1,2019-05-08,2019-05-08,140700000.0,141100000.0,371700000.0,-216900000.0,154800000.0,-119100000.0,-73300000.0,35700000.0,-32600000.0,-32700000.0,3100000,4300000,1000000.0,6100000,6100000,6100000,OUT,2019-03-31
USD,2019,2,2019-08-06,2019-08-06,142300000.0,142900000.0,459900000.0,-240300000.0,219600000.0,-130500000.0,-81500000.0,89100000.0,-33900000.0,-33900000.0,55200000,54800000,-6200000.0,50300000,50300000,50300000,OUT,2019-06-30
USD,2019,3,2019-11-05,2019-11-05,143400000.0,144200000.0,462500000.0,-245500000.0,217000000.0,-133400000.0,-82300000.0,83600000.0,-33900000.0,-33900000.0,49700000,40600000,-3300000.0,38700000,38700000,38700000,OUT,2019-09-30
USD,2019,4,2020-02-26,2020-02-26,143600000.0,144600000.0,488100000.0,-255900000.0,232200000.0,-135000000.0,-134600000.0,97200000.0,-34400000.0,-34400000.0,62800000,46100000,-2400000.0,45500000,45000000,45000000,OUT,2019-12-31
USD,2020,1,2020-05-08,2021-05-05,143900000.0,144700000.0,385300000.0,-224800000.0,160500000.0,-126800000.0,-90800000.0,33700000.0,-29600000.0,-29800000.0,4100000,4200000,1700000.0,6300000,6100000,6100000,OUT,2020-03-31
USD,2020,2,2020-08-06,2020-08-06,144400000.0,144400000.0,232900000.0,-154000000.0,78900000.0,-105300000.0,-62400000.0,-26400000.0,-33300000.0,-33300000.0,-59700000,-59200000,1500000.0,-58000000,-57900000,-57900000,OUT,2020-06-30
