Currency,Fiscal Year,Fiscal Period,Publish Date,Restated Date,Shares (Basic),Shares (Diluted),Revenue,Cost of Revenue,Gross Profit,Operating Expenses,"Selling, General & Administrative",Operating Income (Loss),Non-Operating Income (Loss),"Interest Expense, Net","Pretax Income (Loss), Adj.",Pretax Income (Loss),"Income Tax (Expense) Benefit, Net",Income (Loss) from Continuing Operations,Net Income,Net Income (Common),Ticker,Report_Date
USD,2017,3,2017-11-02,2018-11-01,21800000.0,22100000.0,359400000.0,-315800000.0,43600000.0,-19400000.0,-19400000.0,24200000.0,-5000000.0,-4400000.0,19200000,19000000,-6600000.0,12400000,12300000,12300000,BRSS,2017-09-30
USD,2017,4,2018-03-01,2019-02-28,21700000.0,22100000.0,424900000.0,-379100000.0,45800000.0,-22200000.0,-22200000.0,23600000.0,-4300000.0,-3700000.0,19300000,19300000,-13500000.0,5800000,5600000,5600000,BRSS,2017-12-31
USD,2018,1,2018-05-03,2018-05-03,21900000.0,22300000.0,471800000.0,-422800000.0,49000000.0,-23400000.0,-23400000.0,25600000.0,-4400000.0,-4300000.0,21200000,21200000,-5300000.0,15900000,15800000,15800000,BRSS,2018-03-31
USD,2018,2,2018-08-03,2018-08-03,22000000.0,22300000.0,459400000.0,-401500000.0,57900000.0,-23100000.0,-23100000.0,34800000.0,-5200000.0,-4300000.0,29600000,29100000,-8000000.0,21100000,21000000,21000000,BRSS,2018-06-30
USD,2018,3,2018-11-01,2018-11-01,22100000.0,22400000.0,429900000.0,-387000000.0,42900000.0,-22000000.0,-22000000.0,20900000.0,-4100000.0,-4100000.0,16800000,16800000,-1900000.0,14900000,14800000,14800000,BRSS,2018-09-30
USD,2018,4,2019-02-28,2019-02-28,21600000.0,22200000.0,404300000.0,-367400000.0,36900000.0,-24200000.0,-24200000.0,12700000.0,-3900000.0,-4100000.0,8800000,8800000,-2100000.0,6700000,6600000,6600000,BRSS,2018-12-31
USD,2019,1,2019-05-02,2019-05-02,21700000.0,22000000.0,430300000.0,-377700000.0,52600000.0,-23900000.0,-23900000.0,28700000.0,-4000000.0,-4000000.0,24700000,24700000,-6700000.0,18000000,17900000,17900000,BRSS,2019-03-31
