Currency,Fiscal Year,Fiscal Period,Publish Date,Restated Date,Shares (Basic),Shares (Diluted),Revenue,Cost of Revenue,Gross Profit,Operating Expenses,"Selling, General & Administrative",Operating Income (Loss),Non-Operating Income (Loss),"Interest Expense, Net","Pretax Income (Loss), Adj.",Pretax Income (Loss),"Income Tax (Expense) Benefit, Net",Income (Loss) from Continuing Operations,Net Income,Net Income (Common),Ticker,Report_Date
USD,2018,3,2018-11-02,2019-10-28,90171928.0,90171928.0,236200000.0,-146400000.0,89800000.0,-59700000.0,-34500000.0,30100000.0,-4300000.0,-4000000.0,25800000,25300000,-43100000.0,-17800000,-16200000,-16200000,KN,2018-09-30
USD,2018,4,2019-02-19,2021-02-10,90246869.0,94156982.0,223800000.0,-129500000.0,94300000.0,-60300000.0,-35100000.0,34000000.0,-4100000.0,-3900000.0,29900000,29600000,49800000.0,79400000,79600000,79600000,KN,2018-12-31
USD,2019,1,2019-04-30,2020-05-05,90535188.0,90535188.0,179800000.0,-111300000.0,68500000.0,-62300000.0,-37600000.0,6200000.0,-4500000.0,-3500000.0,1700000,-100000,-2600000.0,-2700000,-2700000,-2700000,KN,2019-03-31
USD,2019,2,2019-07-31,2019-07-31,91018213.0,92507279.0,205200000.0,-128800000.0,76400000.0,-63900000.0,-38900000.0,12500000.0,-3100000.0,-3600000.0,9400000,9300000,-3400000.0,5900000,5900000,5900000,KN,2019-06-30
USD,2019,3,2019-10-28,2019-10-28,91398539.0,93859446.0,235900000.0,-142400000.0,93500000.0,-58000000.0,-34600000.0,35500000.0,-3200000.0,-3800000.0,32300000,30400000,-5000000.0,25400000,25400000,25400000,KN,2019-09-30
USD,2019,4,2020-02-12,2021-02-10,91672556.0,96854179.0,233900000.0,-144300000.0,89600000.0,-58300000.0,-34600000.0,31300000.0,-4100000.0,-3600000.0,27200000,26700000,-5600000.0,21100000,20500000,20500000,KN,2019-12-31
USD,2020,1,2020-05-05,2021-04-27,91795980.0,91795980.0,163100000.0,-106900000.0,56200000.0,-61900000.0,-36200000.0,-5700000.0,-1000000.0,-3700000.0,-6700000,-10600000,-2200000.0,-12800000,-9100000,-9100000,KN,2020-03-31
USD,2020,2,2020-07-29,2020-07-29,91589156.0,91589156.0,152200000.0,-104400000.0,47800000.0,-53700000.0,-31100000.0,-5900000.0,-6000000.0,-4100000.0,-11900000,-18400000,-1100000.0,-19500000,-19500000,-19500000,KN,2020-06-30
