Currency,Fiscal Year,Fiscal Period,Publish Date,Restated Date,Shares (Basic),Shares (Diluted),Revenue,Cost of Revenue,Gross Profit,Operating Expenses,"Selling, General & Administrative",Operating Income (Loss),Non-Operating Income (Loss),"Interest Expense, Net","Pretax Income (Loss), Adj.",Pretax Income (Loss),"Income Tax (Expense) Benefit, Net",Income (Loss) from Continuing Operations,Net Income,Net Income (Common),Ticker,Report_Date
USD,2018,1,2018-07-16,2018-07-16,14987613.0,15088512.0,2700860.0,-1429663.0,1271197.0,-1239046.0,-905180.0,32151.0,26512.0,23992.0,58663,38994,-17564.0,21430,21430,21430,SOTK,2018-05-31
USD,2018,2,2018-10-15,2018-10-15,15085660.0,15224221.0,2817731.0,-1473286.0,1344445.0,-1330619.0,-1010721.0,13826.0,43708.0,26713.0,57534,66621,-7497.0,59124,59124,59124,SOTK,2018-08-31
USD,2018,3,2019-01-14,2019-01-14,15164440.0,15386094.0,3155258.0,-1858970.0,1296288.0,-1246265.0,-921296.0,50023.0,32161.0,23480.0,82184,22825,-2566.0,20259,20259,20259,SOTK,2018-11-30
USD,2018,4,2019-05-28,2019-05-28,15193399.0,15176825.0,2935750.0,-1599434.0,1336316.0,-1349829.0,-1003796.0,-13513.0,23051.0,22515.0,9538,52994,7780.0,60774,60774,60774,SOTK,2019-02-28
USD,2019,1,2019-07-15,2019-07-15,15268071.0,15357295.0,2822428.0,-1517493.0,1304935.0,-1300398.0,-963225.0,4537.0,26979.0,22224.0,31516,31516,-6303.0,25213,25213,25213,SOTK,2019-05-31
USD,2019,2,2019-10-15,2020-10-15,15301613.0,15399163.0,3345822.0,-1798830.0,1546992.0,-1454643.0,-1132946.0,92349.0,29416.0,17294.0,121765,121765,-7000.0,114765,114765,114765,SOTK,2019-08-31
USD,2019,3,2020-01-14,2021-01-14,15306008.0,15371819.0,3672286.0,-1875606.0,1796680.0,-1527066.0,-1165637.0,269614.0,20040.0,12513.0,289654,289654,-10000.0,279654,279654,279654,SOTK,2019-11-30
USD,2019,4,2020-05-29,2020-10-15,15333776.0,15308075.0,5514083.0,-2849449.0,2664634.0,-1915642.0,-1508398.0,748992.0,21520.0,16523.0,770512,770512,-82702.0,687810,687810,687810,SOTK,2020-02-29
USD,2020,1,2020-07-15,2021-07-13,15397779.0,15436758.0,3428544.0,-1867811.0,1560733.0,-1376543.0,-965119.0,184190.0,25664.0,14229.0,209854,209854,-41926.0,167928,167928,167928,SOTK,2020-05-31
