Currency,Fiscal Year,Fiscal Period,Publish Date,Restated Date,Shares (Basic),Shares (Diluted),Revenue,Cost of Revenue,Gross Profit,Operating Expenses,"Selling, General & Administrative",Operating Income (Loss),Non-Operating Income (Loss),"Interest Expense, Net","Pretax Income (Loss), Adj.",Pretax Income (Loss),"Income Tax (Expense) Benefit, Net",Income (Loss) from Continuing Operations,Net Income,Net Income (Common),Ticker,Report_Date
USD,2019,1,2018-11-07,2019-11-05,53221000.0,53221000.0,292602000.0,-83139000.0,209463000.0,-114834000.0,-101517000.0,94629000.0,61000.0,-688000.0,94690000,94690000,-11318000.0,83372000,26860000,-681333000,PINC,2018-09-30
USD,2019,2,2019-02-06,2020-02-05,59876000.0,133672000.0,307589000.0,-87951000.0,219638000.0,-118875000.0,-105345000.0,100763000.0,-3066000.0,-859000.0,97697000,108547000,-2736000.0,105811000,42180000,693889000,PINC,2018-12-31
USD,2019,3,2019-05-07,2020-05-06,62020000.0,129072000.0,301213000.0,-86041000.0,215172000.0,-127204000.0,-113336000.0,87968000.0,3143000.0,-1081000.0,91111000,87002000,-11737000.0,75265000,30414000,265808000,PINC,2019-03-31
USD,2019,4,2019-08-23,2020-08-25,61635000.0,60269000.0,316234000.0,-98499000.0,217735000.0,-132581000.0,-118787000.0,85154000.0,-496000.0,157000.0,84658000,77900000,-7671000.0,70229000,9666000,-287308000,PINC,2019-06-30
USD,2020,1,2019-11-05,2020-11-03,62785000.0,126632000.0,302410000.0,-91011000.0,211399000.0,-127352000.0,-113929000.0,84047000.0,4345000.0,476000.0,88392000,80553000,-9614000.0,70939000,29422000,723731000,PINC,2019-09-30
USD,2020,2,2020-02-05,2021-02-02,64552000.0,64552000.0,319606000.0,-100241000.0,219365000.0,-98832000.0,-86093000.0,120533000.0,5377000.0,-359000.0,125910000,156132000,-64557000.0,91575000,36485000,-443668000,PINC,2019-12-31
USD,2020,3,2020-05-06,2021-05-04,69451000.0,122470000.0,334823000.0,-103128000.0,231695000.0,-129883000.0,-115289000.0,101812000.0,-10529000.0,-9966000.0,91283000,77377000,-4165000.0,73212000,38159000,340728000,PINC,2020-03-31
USD,2020,4,2020-08-25,2020-08-25,71352000.0,180802000.0,342753000.0,-138411000.0,204342000.0,-161698000.0,-144548000.0,42644000.0,6184000.0,-1464000.0,48828000,69625000,-14225000.0,55400000,26298000,-22116000,PINC,2020-06-30
