Currency,Fiscal Year,Fiscal Period,Publish Date,Restated Date,Shares (Basic),Shares (Diluted),Revenue,Cost of Revenue,Gross Profit,Operating Expenses,"Selling, General & Administrative",Operating Income (Loss),Non-Operating Income (Loss),"Interest Expense, Net","Pretax Income (Loss), Adj.",Pretax Income (Loss),"Income Tax (Expense) Benefit, Net",Income (Loss) from Continuing Operations,Net Income,Net Income (Common),Ticker,Report_Date
USD,2018,2,2018-08-02,2019-08-02,98600000.0,99400000.0,196900000.0,-68900000.0,128000000.0,-100600000.0,-23000000.0,27400000.0,-22800000.0,-22800000.0,4600000,106900000,-1000000.0,105900000,105900000,105900000,CONE,2018-06-30
USD,2018,3,2018-11-01,2019-10-31,98800000.0,98800000.0,206600000.0,-77700000.0,128900000.0,-107600000.0,-23600000.0,21300000.0,-25800000.0,-25800000.0,-4500000,-42200000,-200000.0,-42400000,-42400000,-42400000,CONE,2018-09-30
USD,2018,4,2019-02-22,2021-02-19,105800000.0,106800000.0,221300000.0,-78000000.0,143300000.0,-126900000.0,-29000000.0,16400000.0,-25300000.0,-25300000.0,-8900000,-107200000,1400000.0,-105800000,-105800000,-105800000,CONE,2018-12-31
USD,2019,1,2019-05-02,2020-04-30,108300000.0,108800000.0,225000000.0,-83300000.0,141700000.0,-129600000.0,-27500000.0,12100000.0,-23800000.0,-23700000.0,-11700000,89200000,200000.0,89400000,89400000,89400000,CONE,2019-03-31
USD,2019,2,2019-08-02,2020-07-31,113100000.0,113100000.0,251500000.0,-103300000.0,148200000.0,-127100000.0,-25000000.0,21100000.0,-21100000.0,-21100000.0,0,-9900000,1400000.0,-8500000,-8500000,-8500000,CONE,2019-06-30
USD,2019,3,2019-10-31,2020-10-29,113100000.0,113500000.0,250900000.0,-103000000.0,147900000.0,-130300000.0,-24900000.0,17600000.0,-14300000.0,-19600000.0,3300000,10600000,2000000.0,12600000,12600000,12600000,CONE,2019-09-30
USD,2019,4,2020-02-20,2021-02-19,113900000.0,114600000.0,253900000.0,-93800000.0,160100000.0,-134400000.0,-26300000.0,25700000.0,-30600000.0,-17600000.0,-4900000,-52200000,100000.0,-52100000,-52100000,-52100000,CONE,2019-12-31
USD,2020,1,2020-04-30,2021-04-29,114900000.0,115100000.0,245900000.0,-92600000.0,153300000.0,-139700000.0,-31600000.0,13600000.0,-11000000.0,-16000000.0,2600000,13500000,1200000.0,14700000,14700000,14700000,CONE,2020-03-31
USD,2020,2,2020-07-31,2020-07-31,115300000.0,115700000.0,256400000.0,-99000000.0,157400000.0,-133800000.0,-24100000.0,23600000.0,-27700000.0,-13900000.0,-4100000,43800000,1200000.0,45000000,45000000,45000000,CONE,2020-06-30
