Currency,Fiscal Year,Fiscal Period,Publish Date,Restated Date,Shares (Basic),Shares (Diluted),Revenue,Cost of Revenue,Gross Profit,Operating Expenses,"Selling, General & Administrative",Operating Income (Loss),Non-Operating Income (Loss),"Interest Expense, Net","Pretax Income (Loss), Adj.",Pretax Income (Loss),"Income Tax (Expense) Benefit, Net",Income (Loss) from Continuing Operations,Net Income,Net Income (Common),Ticker,Report_Date
USD,2018,4,2018-08-24,2018-08-24,74145000.0,75969000.0,269778000.0,-149238000.0,120540000.0,-32426000.0,-12918000.0,88114000.0,-3451000.0,0.0,84663000,84663000,-14578000.0,70085000,70085000,70085000,UI,2018-06-30
USD,2019,1,2018-11-09,2018-11-09,73774000.0,73963000.0,282905000.0,-151299000.0,131606000.0,-31988000.0,-13766000.0,99618000.0,-2527000.0,0.0,97091000,97091000,-11388000.0,85703000,85703000,85703000,UI,2018-09-30
USD,2019,2,2019-02-08,2019-02-08,71225000.0,71406000.0,307276000.0,-167045000.0,140231000.0,-30574000.0,-10597000.0,109657000.0,-3212000.0,0.0,106445000,88445000,-10649000.0,77796000,77796000,77796000,UI,2018-12-31
USD,2019,3,2019-05-10,2019-05-10,70540000.0,70692000.0,284911000.0,-152081000.0,132830000.0,-30693000.0,-9352000.0,102137000.0,-3447000.0,0.0,98690000,98690000,-10390000.0,88300000,88300000,88300000,UI,2019-03-31
USD,2019,4,2019-08-21,2019-08-21,70201000.0,70347000.0,286641000.0,-153704000.0,132937000.0,-32052000.0,-9522000.0,100885000.0,-3622000.0,0.0,97263000,97263000,-26368000.0,70895000,70895000,70895000,UI,2019-06-30
USD,2020,1,2019-11-08,2019-11-08,68390000.0,68484000.0,323277000.0,-171886000.0,151391000.0,-30702000.0,-10450000.0,120689000.0,-4653000.0,0.0,116036000,116036000,-17890000.0,98146000,98146000,98146000,UI,2019-09-30
USD,2020,2,2020-02-07,2021-02-05,64973000.0,65071000.0,308284000.0,-163198000.0,145086000.0,-33038000.0,-8997000.0,112048000.0,-12085000.0,0.0,99963000,99963000,-14152000.0,85811000,85811000,85811000,UI,2019-12-31
USD,2020,3,2020-05-08,2021-05-07,64630000.0,64699000.0,337417000.0,-177782000.0,159635000.0,-32278000.0,-10606000.0,127357000.0,-6618000.0,-6618000.0,120739000,120739000,-17017000.0,103722000,103722000,103722000,UI,2020-03-31
USD,2020,4,2020-08-21,2021-02-05,63715000.0,63802000.0,315522000.0,-163462000.0,152060000.0,-33956000.0,-10516000.0,118104000.0,-4646000.0,6618000.0,113458000,113458000,-20840000.0,92618000,92618000,92618000,UI,2020-06-30
