Currency,Fiscal Year,Fiscal Period,Publish Date,Restated Date,Shares (Basic),Shares (Diluted),Revenue,Cost of Revenue,Gross Profit,Operating Expenses,"Selling, General & Administrative",Operating Income (Loss),Non-Operating Income (Loss),"Interest Expense, Net","Pretax Income (Loss), Adj.",Pretax Income (Loss),"Income Tax (Expense) Benefit, Net",Income (Loss) from Continuing Operations,Net Income,Net Income (Common),Ticker,Report_Date
USD,2017,2,2017-08-02,2018-07-27,59033952.0,59033952.0,162461000.0,-105349000.0,57112000.0,-23743000.0,-4647000.0,33369000.0,-8171000.0,-8171000.0,25198000,25068000,-3407000.0,21661000,21661000,19239000,CHSP,2017-06-30
USD,2017,3,2017-11-02,2018-11-01,59043425.0,59287812.0,158277000.0,-104999000.0,53278000.0,-23585000.0,-4216000.0,29693000.0,-9020000.0,-9020000.0,20673000,20543000,-1590000.0,18953000,18953000,14104000,CHSP,2017-09-30
USD,2017,4,2018-02-15,2019-02-21,59044994.0,59703623.0,142655000.0,-86226000.0,56429000.0,-24230000.0,-5252000.0,32199000.0,-8950000.0,-8950000.0,23249000,29221000,-1619000.0,27602000,27602000,27602000,CHSP,2017-12-31
USD,2018,1,2018-05-01,2018-05-01,59120065.0,59718986.0,135025000.0,-97286000.0,37739000.0,-24586000.0,-5378000.0,13153000.0,-8844000.0,-8844000.0,4309000,4179000,2370000.0,6549000,6549000,6549000,CHSP,2018-03-31
USD,2018,2,2018-07-27,2018-07-27,59133648.0,59793063.0,163285000.0,-104010000.0,59275000.0,-23830000.0,-4725000.0,35445000.0,-8876000.0,-8876000.0,26569000,26439000,-2629000.0,23810000,23810000,23810000,CHSP,2018-06-30
USD,2018,3,2018-11-01,2018-11-01,59148764.0,59875427.0,156353000.0,-103900000.0,52453000.0,-23040000.0,-4419000.0,29413000.0,-8255000.0,-8255000.0,21158000,54137000,-758000.0,53379000,53379000,53379000,CHSP,2018-09-30
USD,2018,4,2019-02-21,2019-02-21,59152227.0,58175880.0,142509000.0,-98086000.0,44423000.0,-23121000.0,-4470000.0,21302000.0,-7866000.0,-7866000.0,13436000,13306000,-78000.0,13228000,13228000,13228000,CHSP,2018-12-31
USD,2019,1,2019-05-08,2019-05-08,59390500.0,59938676.0,133737000.0,-96546000.0,37191000.0,-23506000.0,-4869000.0,13685000.0,-7744000.0,-7744000.0,5941000,5811000,2440000.0,8251000,8251000,8251000,CHSP,2019-03-31
USD,2019,2,2019-08-01,2019-08-01,59394134.0,60261803.0,158977000.0,-102418000.0,56559000.0,-23272000.0,-4490000.0,33287000.0,-7805000.0,-7805000.0,25482000,20952000,-2711000.0,18241000,18241000,18241000,CHSP,2019-06-30
