Currency,Fiscal Year,Fiscal Period,Publish Date,Restated Date,Shares (Basic),Shares (Diluted),Revenue,Cost of Revenue,Gross Profit,Operating Expenses,"Selling, General & Administrative",Operating Income (Loss),Non-Operating Income (Loss),"Interest Expense, Net","Pretax Income (Loss), Adj.",Pretax Income (Loss),"Income Tax (Expense) Benefit, Net",Income (Loss) from Continuing Operations,Net Income,Net Income (Common),Ticker,Report_Date
USD,2018,4,2019-02-19,2021-02-19,130000000.0,136000000.0,500000000.0,-334000000.0,166000000.0,-107000000.0,-30000000.0,59000000.0,-36000000.0,-34000000.0,23000000,11000000,-5000000.0,9000000,9000000,9000000,CVA,2018-12-31
USD,2019,1,2019-04-26,2020-05-08,131000000.0,133000000.0,453000000.0,-359000000.0,94000000.0,-102000000.0,-30000000.0,-8000000.0,-35000000.0,-36000000.0,-43000000,7000000,-2000000.0,5000000,5000000,5000000,CVA,2019-03-31
USD,2019,2,2019-07-26,2020-07-31,131000000.0,131000000.0,467000000.0,-354000000.0,113000000.0,-102000000.0,-31000000.0,11000000.0,-35000000.0,-36000000.0,-24000000,-27000000,3000000.0,-21000000,-21000000,-21000000,CVA,2019-06-30
USD,2019,3,2019-11-04,2020-10-30,131000000.0,133000000.0,465000000.0,-325000000.0,140000000.0,-94000000.0,-29000000.0,46000000.0,-37000000.0,-36000000.0,9000000,8000000,5000000.0,14000000,14000000,14000000,CVA,2019-09-30
USD,2019,4,2020-02-25,2021-02-19,131000000.0,135000000.0,485000000.0,-333000000.0,152000000.0,-109000000.0,-32000000.0,43000000.0,-35000000.0,-35000000.0,8000000,9000000,1000000.0,12000000,12000000,12000000,CVA,2019-12-31
USD,2020,1,2020-05-08,2021-04-30,131000000.0,131000000.0,468000000.0,-371000000.0,97000000.0,-90000000.0,-30000000.0,7000000.0,-35000000.0,-34000000.0,-28000000,-38000000,5000000.0,-32000000,-32000000,-32000000,CVA,2020-03-31
USD,2020,2,2020-07-31,2020-07-31,132000000.0,132000000.0,454000000.0,-340000000.0,114000000.0,-96000000.0,-26000000.0,18000000.0,-35000000.0,-34000000.0,-17000000,-17000000,4000000.0,-13000000,-13000000,-13000000,CVA,2020-06-30
