Currency,Fiscal Year,Fiscal Period,Publish Date,Restated Date,Shares (Basic),Shares (Diluted),Revenue,Cost of Revenue,Gross Profit,Operating Expenses,"Selling, General & Administrative",Operating Income (Loss),Non-Operating Income (Loss),"Interest Expense, Net","Pretax Income (Loss), Adj.",Pretax Income (Loss),"Income Tax (Expense) Benefit, Net",Income (Loss) from Continuing Operations,Net Income,Net Income (Common),Ticker,Report_Date
USD,2018,3,2018-11-08,2018-11-08,192219000.0,195359000.0,1150405000.0,-726531000.0,423874000.0,-284579000.0,-173990000.0,139295000.0,-66619000.0,-64240000.0,72676000,65606000,-1763000.0,63843000,63843000,63843000,COMM,2018-09-30
USD,2018,4,2019-04-26,2019-04-26,192341000.0,195324000.0,1057722000.0,-731006000.0,326716000.0,-238093000.0,-129682000.0,88623000.0,-93528000.0,-53718000.0,-4905000,-44167000,20867000.0,-23300000,-23300000,-23300000,COMM,2018-12-31
USD,2019,1,2019-05-09,2019-05-09,192800000.0,192800000.0,1099500000.0,-687700000.0,411800000.0,-308700000.0,-199200000.0,103100000.0,-91400000.0,-85700000.0,11700000,-700000,-1600000.0,-2300000,-2300000,-2300000,COMM,2019-03-31
USD,2019,2,2019-08-08,2019-08-08,193600000.0,193600000.0,2566700000.0,-1906700000.0,660000000.0,-822800000.0,-480900000.0,-162800000.0,-162300000.0,-163000000.0,-325100000,-371500000,37500000.0,-334000000,-334000000,-334000000,COMM,2019-06-30
USD,2019,3,2019-11-07,2019-11-07,194100000.0,194100000.0,2380200000.0,-1770300000.0,609900000.0,-641200000.0,-305800000.0,-31300000.0,-157400000.0,-158900000.0,-188700000,-208200000,51700000.0,-156500000,-156500000,-156500000,COMM,2019-09-30
USD,2019,4,2020-02-20,2020-02-20,194300000.0,194300000.0,2298700000.0,-1576300000.0,722400000.0,-676100000.0,-291200000.0,46300000.0,-154400000.0,-151500000.0,-108100000,-493600000,56900000.0,-436700000,-436700000,-480400000,COMM,2019-12-31
USD,2020,1,2020-05-07,2021-05-06,194900000.0,194900000.0,2033200000.0,-1392000000.0,641200000.0,-649300000.0,-311100000.0,-8100000.0,-159500000.0,-147000000.0,-167600000,-191300000,31400000.0,-159900000,-159900000,-173700000,COMM,2020-03-31
USD,2020,2,2020-08-06,2020-08-06,195900000.0,195900000.0,2102800000.0,-1446700000.0,656100000.0,-624600000.0,-290900000.0,31500000.0,-141400000.0,-140600000.0,-109900000,-336200000,15100000.0,-321100000,-321100000,-335000000,COMM,2020-06-30
