Currency,Fiscal Year,Fiscal Period,Publish Date,Restated Date,Shares (Basic),Shares (Diluted),Revenue,Cost of Revenue,Gross Profit,Operating Expenses,"Selling, General & Administrative",Operating Income (Loss),Non-Operating Income (Loss),"Interest Expense, Net","Pretax Income (Loss), Adj.",Pretax Income (Loss),"Income Tax (Expense) Benefit, Net",Income (Loss) from Continuing Operations,Net Income,Net Income (Common),Ticker,Report_Date
USD,2017,4,2018-01-11,2018-01-11,18170371.0,18170371.0,22148000.0,-24298000.0,-2150000.0,-4943000.0,-4943000.0,-7093000.0,-1228000.0,-1006000.0,-8321000,-11624000,1450000.0,-10174000,-10296000,-10296000,ARCW,2017-06-30
USD,2018,1,2017-11-14,2017-11-14,18194091.0,18194091.0,19950000.0,-18528000.0,1422000.0,-3486000.0,-3486000.0,-2064000.0,-1049000.0,-1012000.0,-3113000,-3113000,-172000.0,-3285000,-3555000,-3555000,ARCW,2017-09-30
USD,2018,2,2018-02-09,2018-02-09,18265323.0,18265323.0,18354000.0,-18724000.0,-370000.0,-3552000.0,-3552000.0,-3922000.0,-760000.0,-927000.0,-4682000,-4682000,366000.0,-4316000,-4322000,-4322000,ARCW,2017-12-31
USD,2018,3,2018-05-10,2018-05-10,20051710.0,20051710.0,21460000.0,-20354000.0,1106000.0,-3261000.0,-3261000.0,-2155000.0,-974000.0,-870000.0,-3129000,-3129000,13000.0,-3116000,-3116000,-3116000,ARCW,2018-03-31
USD,2018,4,2018-09-28,2018-09-28,23233172.0,23233172.0,22674000.0,-20810000.0,1864000.0,-3335000.0,-3335000.0,-1471000.0,-544000.0,-816000.0,-2015000,-2015000,-172000.0,-2187000,-2187000,-2187000,ARCW,2018-06-30
USD,2019,1,2018-11-14,2018-11-14,23336610.0,23336610.0,20566000.0,-17456000.0,3110000.0,-3134000.0,-3134000.0,-24000.0,-905000.0,-931000.0,-929000,-929000,-35000.0,-964000,-1696000,-1696000,ARCW,2018-09-30
USD,2019,2,2019-02-13,2019-02-13,23349478.0,23349478.0,20907000.0,-19415000.0,1492000.0,-3345000.0,-3345000.0,-1853000.0,-834000.0,-898000.0,-2687000,-2687000,-33000.0,-2720000,-3542000,-3542000,ARCW,2018-12-31
USD,2019,3,2019-05-17,2019-05-17,23366267.0,23366267.0,19856000.0,-20086000.0,-230000.0,-2909000.0,-2909000.0,-3139000.0,-833000.0,-936000.0,-3972000,-3972000,796000.0,-3176000,-6181000,-6181000,ARCW,2019-03-31
