Currency,Fiscal Year,Fiscal Period,Publish Date,Restated Date,Shares (Basic),Shares (Diluted),Revenue,Cost of Revenue,Gross Profit,Operating Expenses,"Selling, General & Administrative",Operating Income (Loss),Non-Operating Income (Loss),"Interest Expense, Net","Pretax Income (Loss), Adj.",Pretax Income (Loss),"Income Tax (Expense) Benefit, Net",Income (Loss) from Continuing Operations,Net Income,Net Income (Common),Ticker,Report_Date
USD,2018,4,2019-03-15,2020-03-13,3360976.0,3330640.0,31130395.0,-19767413.0,11362982.0,-10269076.0,-10269076.0,1093906.0,-495682.0,-512224.0,598224,598224,-6874.0,591350,591350,591350,ACU,2018-12-31
USD,2019,1,2019-05-09,2020-05-08,3351000.0,3392000.0,31370000.0,-19568000.0,11802000.0,-10268000.0,-10268000.0,1534000.0,-499000.0,-501000.0,1035000,1035000,-228000.0,807000,807000,807000,ACU,2019-03-31
USD,2019,2,2019-08-07,2019-08-07,3351000.0,3485000.0,40220000.0,-25449000.0,14771000.0,-11003000.0,-11003000.0,3768000.0,-505000.0,-491000.0,3263000,3263000,-592000.0,2671000,2671000,2671000,ACU,2019-06-30
USD,2019,3,2019-11-07,2020-11-06,3352000.0,3486000.0,36995000.0,-23861000.0,13134000.0,-11408000.0,-11408000.0,1726000.0,-509000.0,-469000.0,1217000,1217000,-158000.0,1059000,1059000,1059000,ACU,2019-09-30
USD,2019,4,2020-03-13,2021-03-31,3352924.0,3447492.0,33872342.0,-21578484.0,12293858.0,-10892510.0,-10892510.0,1401348.0,-373184.0,-327512.0,1028164,1028164,-51556.0,976608,976608,976608,ACU,2019-12-31
USD,2020,1,2020-05-08,2021-05-07,3349000.0,3519000.0,35775000.0,-22244000.0,13531000.0,-11521000.0,-11521000.0,2010000.0,-358000.0,-315000.0,1652000,1652000,-375000.0,1277000,1277000,1277000,ACU,2020-03-31
USD,2020,2,2020-08-07,2020-08-07,3349000.0,3482000.0,44042000.0,-27989000.0,16053000.0,-11670000.0,-11670000.0,4383000.0,-233000.0,-234000.0,4150000,4150000,-951000.0,3199000,3199000,3199000,ACU,2020-06-30
