Currency,Fiscal Year,Fiscal Period,Publish Date,Restated Date,Shares (Basic),Shares (Diluted),Revenue,Cost of Revenue,Gross Profit,Operating Expenses,"Selling, General & Administrative",Operating Income (Loss),Non-Operating Income (Loss),"Interest Expense, Net","Pretax Income (Loss), Adj.",Pretax Income (Loss),"Income Tax (Expense) Benefit, Net",Income (Loss) from Continuing Operations,Net Income,Net Income (Common),Ticker,Report_Date
USD,2018,2,2018-08-03,2018-08-03,1628137.0,2005513.0,128183000.0,-24384000.0,103799000.0,-64707000.0,-37950000.0,39092000.0,-14837000.0,-14837000.0,24255000,-45699000,-294000.0,-49913000,-49971000,-51111000,SMLP,2018-06-30
USD,2018,3,2018-11-09,2018-11-09,1628137.0,2005513.0,127479000.0,-26879000.0,100600000.0,-62807000.0,-36122000.0,37793000.0,-14862000.0,-14862000.0,22931000,58589000,35000.0,57455000,57430000,54151000,SMLP,2018-09-30
USD,2018,4,2019-02-26,2019-02-26,1628137.0,2005513.0,133671000.0,-36112000.0,97559000.0,-63837000.0,-36694000.0,33722000.0,-15714000.0,-15714000.0,18008000,45784000,55000.0,38654000,38654000,35747000,SMLP,2018-12-31
USD,2019,1,2019-05-10,2019-05-10,1628137.0,2005513.0,131408000.0,-31759000.0,99649000.0,-69230000.0,-41503000.0,30419000.0,-17318000.0,-17527000.0,13101000,-36266000,-207000.0,-36914000,-36914000,-36926000,SMLP,2019-03-31
USD,2019,2,2019-08-09,2019-08-09,1628137.0,2005513.0,99686000.0,-11571000.0,88115000.0,-60732000.0,-33932000.0,27383000.0,-17858000.0,-17941000.0,9525000,6030000,-1142000.0,4809000,4809000,4809000,SMLP,2019-06-30
USD,2019,3,2019-11-08,2019-11-08,1628137.0,2005513.0,100187000.0,-7472000.0,92715000.0,-63586000.0,-36180000.0,29129000.0,-19323000.0,-19335000.0,9806000,-9947000,-21000.0,-10645000,-10645000,-10645000,SMLP,2019-09-30
USD,2019,4,2020-03-09,2020-03-09,1628137.0,2005513.0,112247000.0,-12636000.0,99611000.0,-71472000.0,-43051000.0,28139000.0,-37016000.0,-37163000.0,-8877000,-14461000,139000.0,-350976000,-141701000,-170247000,SMLP,2019-12-31
USD,2020,1,2020-05-08,2021-05-07,1628137.0,2005513.0,104903000.0,-8225000.0,96678000.0,-68038000.0,-38372000.0,28640000.0,-24255000.0,-23828000.0,4385000,438000,13000.0,3762000,5643000,-2427000,SMLP,2020-03-31
USD,2020,2,2020-08-07,2020-08-07,1628137.0,2005513.0,92007000.0,-6088000.0,85919000.0,-63568000.0,-33938000.0,22351000.0,-21714000.0,-21990000.0,637000,53292000,389000.0,56721000,58114000,58114000,SMLP,2020-06-30
