Currency,Fiscal Year,Fiscal Period,Publish Date,Restated Date,Shares (Basic),Shares (Diluted),Revenue,Cost of Revenue,Gross Profit,Operating Expenses,"Selling, General & Administrative",Operating Income (Loss),Non-Operating Income (Loss),"Interest Expense, Net","Pretax Income (Loss), Adj.",Pretax Income (Loss),"Income Tax (Expense) Benefit, Net",Income (Loss) from Continuing Operations,Net Income,Net Income (Common),Ticker,Report_Date
USD,2019,1,2019-05-09,2019-05-09,52418000.0,52641000.0,2180327000.0,-1779254000.0,401073000.0,-264951000.0,-231325000.0,136122000.0,-47114000.0,-55336000.0,89008000,68151000,-22261000.0,45890000,45316000,45316000,R,2019-03-31
USD,2019,2,2019-07-30,2019-07-30,52337000.0,52549000.0,2244993000.0,-1812308000.0,432685000.0,-256079000.0,-226416000.0,176606000.0,-38848000.0,-60759000.0,137758000,103069000,-27617000.0,75452000,75215000,75215000,R,2019-06-30
USD,2019,3,2019-10-30,2019-10-30,52319000.0,52319000.0,2223932000.0,-1966101000.0,257831000.0,-244961000.0,-216037000.0,12870000.0,-63151000.0,-62475000.0,-50281000,-91260000,-278000.0,-91538000,-91455000,-91455000,R,2019-09-30
USD,2019,4,2020-02-27,2020-02-27,52318000.0,51883000.0,2276549000.0,-1997561000.0,278988000.0,-263438000.0,-233671000.0,15550000.0,-58626000.0,-62811000.0,-43076000,-122231000,69155000.0,-53076000,-53486000,-53486000,R,2019-12-31
USD,2020,1,2020-05-01,2021-04-28,52284000.0,52284000.0,2161306000.0,-1893170000.0,268136000.0,-258905000.0,-224119000.0,9231000.0,-71234000.0,-62566000.0,-62003000,-113634000,4505000.0,-109129000,-109613000,-109613000,R,2020-03-31
USD,2020,2,2020-07-31,2020-07-31,52355000.0,52355000.0,1895282000.0,-1646683000.0,248599000.0,-238413000.0,-208564000.0,10186000.0,-57339000.0,-67285000.0,-47153000,-94777000,21072000.0,-73705000,-74099000,-74099000,R,2020-06-30
