Currency,Fiscal Year,Fiscal Period,Publish Date,Restated Date,Shares (Basic),Shares (Diluted),Revenue,Cost of Revenue,Gross Profit,Operating Expenses,"Selling, General & Administrative",Operating Income (Loss),Non-Operating Income (Loss),"Interest Expense, Net","Pretax Income (Loss), Adj.",Pretax Income (Loss),"Income Tax (Expense) Benefit, Net",Income (Loss) from Continuing Operations,Net Income,Net Income (Common),Ticker,Report_Date
USD,2015,4,2016-03-24,2017-02-27,155687000.0,156566000.0,848200000.0,-326600000.0,521600000.0,-416300000.0,-23300000.0,105300000.0,-22700000.0,-33100000.0,82600000,91200000,-36200000.0,55000000,55000000,55000000,RGC,2015-12-31
USD,2016,1,2016-05-10,2017-05-10,156017000.0,156773000.0,787100000.0,-306300000.0,480800000.0,-395900000.0,-21200000.0,84900000.0,-20200000.0,-32500000.0,64700000,70400000,-29700000.0,40700000,40700000,40700000,RGC,2016-03-31
USD,2016,2,2016-08-01,2017-08-09,156025000.0,156722000.0,785900000.0,-308900000.0,477000000.0,-398900000.0,-20900000.0,78100000.0,-29400000.0,-32300000.0,48700000,56100000,-22500000.0,33600000,33500000,33500000,RGC,2016-06-30
USD,2016,3,2016-11-09,2017-11-08,156023000.0,156864000.0,811500000.0,-306900000.0,504600000.0,-412600000.0,-20500000.0,92000000.0,-28300000.0,-31900000.0,63700000,71500000,-29200000.0,42300000,42300000,42300000,RGC,2016-09-30
USD,2016,4,2017-03-22,2017-03-22,155915000.0,156857000.0,812600000.0,-304700000.0,507900000.0,-418700000.0,-22000000.0,89200000.0,-20800000.0,-31400000.0,68400000,83700000,-29800000.0,53900000,53900000,53900000,RGC,2016-12-31
USD,2017,1,2017-05-10,2017-05-10,156294000.0,157039000.0,821200000.0,-313900000.0,507300000.0,-405100000.0,-22300000.0,102200000.0,-28700000.0,-30700000.0,73500000,79100000,-30700000.0,48400000,48400000,48400000,RGC,2017-03-31
USD,2017,2,2017-08-09,2017-08-09,156348000.0,156945000.0,764200000.0,-289100000.0,475100000.0,-414900000.0,-23200000.0,60200000.0,-24500000.0,-31100000.0,35700000,41600000,-18000000.0,23600000,23600000,23600000,RGC,2017-06-30
USD,2017,3,2017-11-08,2017-11-08,156350000.0,156878000.0,716000000.0,-264900000.0,451100000.0,-416700000.0,-19900000.0,34400000.0,-26300000.0,-31700000.0,8100000,24000000,-12600000.0,11400000,11400000,11400000,RGC,2017-09-30
USD,2017,4,2018-03-22,2018-03-22,156352000.0,157082000.0,861600000.0,-323700000.0,537900000.0,-439000000.0,-21200000.0,98900000.0,-21500000.0,-31600000.0,77400000,69200000,-40300000.0,28900000,28900000,28900000,RGC,2017-12-31
