Currency,Fiscal Year,Fiscal Period,Publish Date,Restated Date,Shares (Basic),Shares (Diluted),Revenue,Cost of Revenue,Gross Profit,Operating Expenses,"Selling, General & Administrative",Operating Income (Loss),Non-Operating Income (Loss),"Interest Expense, Net","Pretax Income (Loss), Adj.",Pretax Income (Loss),"Income Tax (Expense) Benefit, Net",Income (Loss) from Continuing Operations,Net Income,Net Income (Common),Ticker,Report_Date
USD,2018,3,2018-11-06,2018-11-06,22658457.0,24896569.0,380369000.0,-283035000.0,97334000.0,-45684000.0,-45684000.0,51650000.0,399000.0,-5000.0,52049000,48991000,-11268000.0,37723000,37723000,37723000,LGIH,2018-09-30
USD,2018,4,2019-02-26,2019-02-26,22744385.0,24899853.0,425160000.0,-321602000.0,103558000.0,-48129000.0,-48129000.0,55429000.0,1321000.0,-5000.0,56750000,56209000,-13556000.0,42653000,42653000,42653000,LGIH,2018-12-31
USD,2019,1,2019-05-07,2019-05-07,22744726.0,25086183.0,287594000.0,-221290000.0,66304000.0,-45229000.0,-45229000.0,21075000.0,619000.0,-5000.0,21694000,21694000,-3360000.0,18334000,18334000,18334000,LGIH,2019-03-31
USD,2019,2,2019-08-06,2019-08-06,22926156.0,25357396.0,461830000.0,-350519000.0,111311000.0,-52870000.0,-52870000.0,58441000.0,2263000.0,-5000.0,60704000,60535000,-14480000.0,46055000,46055000,46055000,LGIH,2019-06-30
USD,2019,3,2019-11-05,2019-11-05,22939907.0,25521946.0,483081000.0,-366431000.0,116650000.0,-52625000.0,-52625000.0,64025000.0,707000.0,-5000.0,64732000,64732000,-15383000.0,49349000,49349000,49349000,LGIH,2019-09-30
USD,2019,4,2020-02-25,2020-02-25,24155591.0,25757839.0,605649000.0,-463435000.0,142214000.0,-58217000.0,-58217000.0,83997000.0,874000.0,-5000.0,84871000,84871000,-20001000.0,64870000,64870000,64870000,LGIH,2019-12-31
USD,2020,1,2020-05-05,2021-05-04,25323119.0,25592835.0,454727000.0,-348163000.0,106564000.0,-52686000.0,-52686000.0,53878000.0,1011000.0,-5000.0,54889000,54889000,-12050000.0,42839000,42839000,42839000,LGIH,2020-03-31
USD,2020,2,2020-08-04,2020-08-04,25074826.0,25153076.0,481602000.0,-363629000.0,117973000.0,-50139000.0,-50139000.0,67834000.0,763000.0,-5000.0,68597000,68597000,-12973000.0,55624000,55624000,55624000,LGIH,2020-06-30
