Currency,Fiscal Year,Fiscal Period,Publish Date,Restated Date,Shares (Basic),Shares (Diluted),Revenue,Cost of Revenue,Gross Profit,Operating Expenses,"Selling, General & Administrative",Operating Income (Loss),Non-Operating Income (Loss),"Interest Expense, Net","Pretax Income (Loss), Adj.",Pretax Income (Loss),"Income Tax (Expense) Benefit, Net",Income (Loss) from Continuing Operations,Net Income,Net Income (Common),Ticker,Report_Date
USD,2019,2,2019-07-31,2019-07-31,48342000.0,48342000.0,277169000.0,-80055000.0,197114000.0,-170985000.0,-127213000.0,26129000.0,-3830000.0,-3830000.0,22299000,-35557000,6164000.0,-29393000,-29215000,-29215000,LIVN,2019-06-30
USD,2019,3,2019-10-30,2019-10-30,48395000.0,48820000.0,268610000.0,-89204000.0,179406000.0,-146231000.0,-123015000.0,33175000.0,-4623000.0,-4623000.0,28552000,21465000,10653000.0,32118000,32118000,32118000,LIVN,2019-09-30
USD,2019,4,2020-04-28,2020-04-28,48413000.0,47988000.0,287590000.0,-82834000.0,204756000.0,-197891000.0,-130546000.0,6865000.0,-4422000.0,-4422000.0,2443000,-150139000,6722000.0,-143417000,-143230000,-143230000,LIVN,2019-12-31
USD,2020,1,2020-04-30,2021-04-28,48485000.0,48769000.0,242397000.0,-70389000.0,172008000.0,-166346000.0,-120177000.0,5662000.0,-4701000.0,-4701000.0,961000,-6007000,44714000.0,38578000,37583000,37583000,LIVN,2020-03-31
USD,2020,2,2020-07-29,2020-07-29,48611000.0,48611000.0,182206000.0,-61031000.0,121175000.0,-132594000.0,-98048000.0,-11419000.0,-5428000.0,-5428000.0,-16847000,-21664000,-66285000.0,-87993000,-87993000,-87993000,LIVN,2020-06-30
