Currency,Fiscal Year,Fiscal Period,Publish Date,Restated Date,Shares (Basic),Shares (Diluted),Revenue,Cost of Revenue,Gross Profit,Operating Expenses,"Selling, General & Administrative",Operating Income (Loss),Non-Operating Income (Loss),"Interest Expense, Net","Pretax Income (Loss), Adj.",Pretax Income (Loss),"Income Tax (Expense) Benefit, Net",Income (Loss) from Continuing Operations,Net Income,Net Income (Common),Ticker,Report_Date
USD,2015,4,2015-11-13,2017-11-17,355400000.0,356800000.0,3439000000.0,-2252000000.0,1187000000.0,-1095000000.0,-1081000000.0,92000000.0,5000000.0,-9882909.090909092,97000000,93000000,-36000000.0,57000000,57000000,57000000,WFM,2015-09-30
USD,2016,1,2016-02-26,2017-02-16,337000000.0,338200000.0,4829000000.0,-3188000000.0,1641000000.0,-1386000000.0,-1373000000.0,255000000.0,-3000000.0,-7000000.0,252000000,249000000,-92000000.0,157000000,157000000,157000000,WFM,2015-12-31
USD,2016,2,2016-05-13,2017-05-19,324700000.0,325400000.0,3696000000.0,-2406000000.0,1290000000.0,-1046000000.0,-1028000000.0,244000000.0,-6000000.0,-11000000.0,238000000,235000000,-93000000.0,142000000,142000000,142000000,WFM,2016-03-31
USD,2016,3,2016-08-05,2017-08-04,320600000.0,321200000.0,3703000000.0,-2417000000.0,1286000000.0,-1075000000.0,-1057000000.0,211000000.0,-13000000.0,-12000000.0,198000000,196000000,-76000000.0,120000000,120000000,120000000,WFM,2016-06-30
USD,2016,4,2016-11-18,2017-11-17,322100000.0,322800000.0,3496000000.0,-2302000000.0,1194000000.0,-1034000000.0,-1019000000.0,160000000.0,-8000000.0,-11000000.0,152000000,147000000,-59000000.0,88000000,88000000,88000000,WFM,2016-09-30
USD,2017,1,2017-02-16,2017-02-16,318200000.0,318700000.0,4918000000.0,-3268000000.0,1650000000.0,-1438000000.0,-1417000000.0,212000000.0,-15000000.0,-15000000.0,197000000,156000000,-61000000.0,95000000,95000000,95000000,WFM,2016-12-31
USD,2017,2,2017-05-19,2017-05-19,318500000.0,318900000.0,3737000000.0,-2463000000.0,1274000000.0,-1069000000.0,-1057000000.0,205000000.0,-9000000.0,-11000000.0,196000000,162000000,-63000000.0,99000000,99000000,99000000,WFM,2017-03-31
USD,2017,3,2017-08-04,2017-08-04,319400000.0,320300000.0,3725000000.0,-2457000000.0,1268000000.0,-1085000000.0,-1072000000.0,183000000.0,-7000000.0,-11000000.0,176000000,173000000,-67000000.0,106000000,106000000,106000000,WFM,2017-06-30
USD,2017,4,2017-11-17,2017-11-17,319400000.0,320300000.0,3650000000.0,-2445000000.0,1205000000.0,-1095000000.0,-1081000000.0,110000000.0,-11000000.0,-12000000.0,99000000,-74000000,19000000.0,-55000000,-55000000,-55000000,WFM,2017-09-30
