Currency,Fiscal Year,Fiscal Period,Publish Date,Restated Date,Shares (Basic),Shares (Diluted),Revenue,Cost of Revenue,Gross Profit,Operating Expenses,"Selling, General & Administrative",Operating Income (Loss),Non-Operating Income (Loss),"Interest Expense, Net","Pretax Income (Loss), Adj.",Pretax Income (Loss),"Income Tax (Expense) Benefit, Net",Income (Loss) from Continuing Operations,Net Income,Net Income (Common),Ticker,Report_Date
USD,2018,2,2018-08-08,2018-08-08,340695000.0,342729000.0,2199000000.0,-1051000000.0,1148000000.0,-655000000.0,-303000000.0,493000000.0,-110000000.0,-153000000.0,383000000,322000000,-67000000.0,255000000,172000000,172000000,LSXMA,2018-06-30
USD,2018,3,2018-11-08,2018-11-08,340695000.0,342729000.0,2315000000.0,-1015000000.0,1300000000.0,-659000000.0,-295000000.0,641000000.0,-82000000.0,-150000000.0,559000000,418000000,-52000000.0,366000000,268000000,268000000,LSXMA,2018-09-30
USD,2018,4,2019-02-28,2019-02-28,340695000.0,342729000.0,2009000000.0,-900000000.0,1109000000.0,-609000000.0,-316000000.0,500000000.0,-166000000.0,-153000000.0,334000000,73000000,-42000000.0,31000000,-40000000,-40000000,LSXMA,2018-12-31
USD,2019,1,2019-05-09,2019-05-09,340695000.0,342729000.0,2012000000.0,-896000000.0,1116000000.0,-732000000.0,-402000000.0,384000000.0,-171000000.0,-159000000.0,213000000,-69000000,-58000000.0,-127000000,-158000000,-158000000,LSXMA,2019-03-31
USD,2019,2,2019-08-08,2019-08-08,340695000.0,342729000.0,2805000000.0,-1323000000.0,1482000000.0,-910000000.0,-436000000.0,572000000.0,-112000000.0,-167000000.0,460000000,262000000,-70000000.0,192000000,116000000,116000000,LSXMA,2019-06-30
USD,2019,3,2019-11-12,2019-11-12,340695000.0,342729000.0,2856000000.0,-1314000000.0,1542000000.0,-934000000.0,-440000000.0,608000000.0,-161000000.0,-169000000.0,447000000,360000000,-98000000.0,262000000,193000000,193000000,LSXMA,2019-09-30
USD,2019,4,2020-02-26,2020-02-26,340695000.0,342729000.0,2619000000.0,-1288000000.0,1331000000.0,-914000000.0,-527000000.0,417000000.0,-198000000.0,-162000000.0,219000000,-40000000,60000000.0,20000000,-45000000,-45000000,LSXMA,2019-12-31
USD,2020,1,2020-05-07,2021-05-07,340695000.0,342729000.0,2013000000.0,-893000000.0,1120000000.0,-775000000.0,-408000000.0,345000000.0,-209000000.0,-164000000.0,136000000,38000000,-36000000.0,2000000,-76000000,-76000000,LSXMA,2020-03-31
USD,2020,2,2020-08-10,2020-08-10,340695000.0,342729000.0,1909000000.0,-882000000.0,1027000000.0,-741000000.0,-390000000.0,286000000.0,-342000000.0,-163000000.0,-56000000,-308000000,46000000.0,-262000000,-326000000,-326000000,LSXMA,2020-06-30
