Currency,Fiscal Year,Fiscal Period,Publish Date,Restated Date,Shares (Basic),Shares (Diluted),Revenue,Cost of Revenue,Gross Profit,Operating Expenses,"Selling, General & Administrative",Operating Income (Loss),Non-Operating Income (Loss),"Interest Expense, Net","Pretax Income (Loss), Adj.",Pretax Income (Loss),"Income Tax (Expense) Benefit, Net",Income (Loss) from Continuing Operations,Net Income,Net Income (Common),Ticker,Report_Date
USD,2018,3,2018-11-08,2018-11-08,60586511.0,60586511.0,239000.0,-905500.0,239000.0,-49393000.0,-12966000.0,-49154000.0,1085000.0,1098000.0,-48069000,-48069000,-14000.0,-48083000,-48083000,-48083000,KPTI,2018-09-30
USD,2018,4,2019-02-28,2019-02-28,60920317.0,60920317.0,206000.0,-905500.0,206000.0,-57661000.0,-18771000.0,-57455000.0,-738000.0,-725000.0,-58193000,-58193000,-17000.0,-58210000,-58210000,-58210000,KPTI,2018-12-31
USD,2019,1,2019-05-09,2019-05-09,60856295.0,60856295.0,155000.0,-905500.0,155000.0,-65077000.0,-27103000.0,-64922000.0,-1229000.0,-1227000.0,-66151000,-66151000,-10000.0,-66161000,-66161000,-66161000,KPTI,2019-03-31
USD,2019,2,2019-08-07,2019-08-07,60929024.0,60929024.0,9493000.0,-905500.0,9493000.0,-51179000.0,-24662000.0,-41686000.0,-1721000.0,-1677000.0,-43407000,-43407000,-8000.0,-43415000,-43415000,-43415000,KPTI,2019-06-30
USD,2019,3,2019-11-04,2019-11-04,62092841.0,62092841.0,13149000.0,-1013000.0,12136000.0,-51537000.0,-25267000.0,-39401000.0,-1946000.0,-1956000.0,-41347000,-41347000,-20000.0,-41367000,-41367000,-41367000,KPTI,2019-09-30
USD,2019,4,2020-02-26,2020-02-26,63943520.0,63943520.0,18096000.0,-1394000.0,16702000.0,-59968000.0,-28389000.0,-43266000.0,-5379000.0,-5365000.0,-48645000,-48645000,-2000.0,-48647000,-48647000,-48647000,KPTI,2019-12-31
USD,2020,1,2020-05-05,2021-05-04,67627000.0,67627000.0,18138000.0,-819000.0,17319000.0,-64675000.0,-30678000.0,-47356000.0,-5509000.0,-5534000.0,-52865000,-52865000,-66000.0,-52931000,-52931000,-52931000,KPTI,2020-03-31
USD,2020,2,2020-08-04,2020-08-04,73237000.0,73237000.0,33514000.0,-396000.0,33118000.0,-73437000.0,-30843000.0,-40319000.0,-5970000.0,-5909000.0,-46289000,-46289000,-137000.0,-46426000,-46426000,-46426000,KPTI,2020-06-30
