Currency,Fiscal Year,Fiscal Period,Publish Date,Restated Date,Shares (Basic),Shares (Diluted),Revenue,Cost of Revenue,Gross Profit,Operating Expenses,"Selling, General & Administrative",Operating Income (Loss),Non-Operating Income (Loss),"Interest Expense, Net","Pretax Income (Loss), Adj.",Pretax Income (Loss),"Income Tax (Expense) Benefit, Net",Income (Loss) from Continuing Operations,Net Income,Net Income (Common),Ticker,Report_Date
USD,2017,2,2017-02-03,2017-02-03,30029000.0,30029000.0,125552000.0,-94747000.0,30805000.0,-29412000.0,-28071000.0,1393000.0,-2327000.0,-2327000.0,-934000,-934000,370000.0,-564000,-564000,-564000,ACET_delis,2016-12-31
USD,2017,3,2017-05-05,2017-05-05,34769000.0,35121000.0,190128000.0,-147809000.0,42319000.0,-29126000.0,-26519000.0,13193000.0,-4681000.0,-4681000.0,8512000,8512000,-2924000.0,5588000,5588000,5588000,ACET_delis,2017-03-31
USD,2017,4,2017-11-09,2017-11-09,34816000.0,35538000.0,194620000.0,-157791000.0,36829000.0,-29626000.0,-26726000.0,7203000.0,-4200000.0,-4200000.0,3003000,3003000,-1036000.0,1967000,1967000,1967000,ACET_delis,2017-06-30
USD,2018,1,2017-11-03,2017-11-03,34975000.0,35259000.0,185255000.0,-145272000.0,39983000.0,-32764000.0,-31149000.0,7219000.0,-5081000.0,-5081000.0,2138000,2138000,-1684000.0,454000,454000,454000,ACET_delis,2017-09-30
USD,2018,2,2018-02-02,2018-02-02,35210000.0,35210000.0,171229000.0,-137259000.0,33970000.0,-30185000.0,-28063000.0,3785000.0,-4284000.0,-4284000.0,-499000,-499000,-13365000.0,-13864000,-13864000,-13864000,ACET_delis,2017-12-31
USD,2018,3,2018-10-12,2018-10-12,35304000.0,35304000.0,185998000.0,-158302000.0,27696000.0,-30500000.0,-28029000.0,-2804000.0,-3967000.0,-3967000.0,-6771000,-263037000,66402000.0,-196635000,-196635000,-196635000,ACET_delis,2018-03-31
USD,2018,4,2018-10-25,2018-10-25,35375000.0,35091000.0,168877000.0,-158963000.0,9914000.0,-36860000.0,-35135000.0,-26946000.0,-4478000.0,-4478000.0,-31424000,-31424000,-74652000.0,-106076000,-106076000,-106076000,ACET_delis,2018-06-30
USD,2019,1,2018-11-09,2018-11-09,35487000.0,35487000.0,164405000.0,-138925000.0,25480000.0,-38778000.0,-36897000.0,-13298000.0,-5797000.0,-5797000.0,-19095000,-19095000,-1997000.0,-21092000,-21092000,-21092000,ACET_delis,2018-09-30
USD,2019,2,2019-02-20,2019-02-20,35592000.0,35592000.0,163649000.0,-139603000.0,24046000.0,-39114000.0,-37000000.0,-15068000.0,-6742000.0,-6742000.0,-21810000,-21810000,-540000.0,-22350000,-22350000,-22350000,ACET_delis,2018-12-31
