Currency,Fiscal Year,Fiscal Period,Publish Date,Restated Date,Shares (Basic),Shares (Diluted),Revenue,Cost of Revenue,Gross Profit,Operating Expenses,"Selling, General & Administrative",Operating Income (Loss),Non-Operating Income (Loss),"Interest Expense, Net","Pretax Income (Loss), Adj.",Pretax Income (Loss),"Income Tax (Expense) Benefit, Net",Income (Loss) from Continuing Operations,Net Income,Net Income (Common),Ticker,Report_Date
USD,2016,1,2016-01-28,2016-01-28,9459470.0,9459470.0,55959000.0,-27851000.0,28108000.0,-21323000.0,-20342000.0,6785000.0,-274000.0,-274000.0,6511000,6511000,-2270000.0,4241000,4241000,4241000,NUTR,2015-12-31
USD,2016,2,2016-04-28,2016-04-28,9401972.0,9401972.0,59492000.0,-29163000.0,30329000.0,-22778000.0,-21779000.0,7551000.0,-322000.0,-322000.0,7229000,7229000,-2611000.0,4618000,4618000,4618000,NUTR,2016-03-31
USD,2016,3,2016-07-28,2016-07-28,9310097.0,9310097.0,60836000.0,-29416000.0,31420000.0,-22883000.0,-21895000.0,8537000.0,-326000.0,-326000.0,8211000,8211000,-2182000.0,6029000,6029000,6029000,NUTR,2016-06-30
USD,2016,4,2016-11-17,2016-11-17,9211477.0,9211477.0,56701000.0,-28509000.0,28192000.0,-21888000.0,-20929000.0,6304000.0,-330000.0,-330000.0,5974000,5974000,-2204000.0,3770000,3770000,3770000,NUTR,2016-09-30
USD,2017,1,2017-01-26,2017-01-26,9212331.0,9212331.0,56619000.0,-27679000.0,28940000.0,-22173000.0,-21255000.0,6767000.0,-330000.0,-330000.0,6437000,6437000,-2236000.0,4201000,4201000,4201000,NUTR,2016-12-31
USD,2017,2,2017-04-27,2017-04-27,9246328.0,9246328.0,61215000.0,-30140000.0,31075000.0,-23919000.0,-23011000.0,7156000.0,-312000.0,-312000.0,6844000,6844000,-2382000.0,4462000,4462000,4462000,NUTR,2017-03-31
USD,2017,3,2017-07-27,2017-07-27,9246902.0,9257550.0,64993000.0,-31600000.0,33393000.0,-26618000.0,-25261000.0,6775000.0,-380000.0,-380000.0,6395000,3839000,-1982000.0,1857000,1857000,1857000,NUTR,2017-06-30
