Currency,Fiscal Year,Fiscal Period,Publish Date,Restated Date,Shares (Basic),Shares (Diluted),Revenue,Cost of Revenue,Gross Profit,Operating Expenses,"Selling, General & Administrative",Operating Income (Loss),Non-Operating Income (Loss),"Interest Expense, Net","Pretax Income (Loss), Adj.",Pretax Income (Loss),"Income Tax (Expense) Benefit, Net",Income (Loss) from Continuing Operations,Net Income,Net Income (Common),Ticker,Report_Date
USD,2017,1,2017-05-09,2018-05-03,53685000.0,53685000.0,3073000.0,-934000.0,2139000.0,-135384000.0,-69262000.0,-133245000.0,-3426000.0,-3426000.0,-136671000,-136671000,-54000.0,-136725000,-136725000,-136725000,TSRO,2017-03-31
USD,2017,2,2017-08-08,2018-08-03,53982000.0,53982000.0,29464000.0,-6599000.0,22865000.0,-164379000.0,-92979000.0,-141514000.0,-3467000.0,-3467000.0,-144981000,-151981000,-78000.0,-152059000,-152059000,-152059000,TSRO,2017-06-30
USD,2017,3,2017-11-07,2018-11-02,54241000.0,54241000.0,142766000.0,-7470000.0,135296000.0,-157386000.0,-83998000.0,-22090000.0,-3048000.0,-3291000.0,-25138000,-25138000,-139000.0,-25277000,-25277000,-25277000,TSRO,2017-09-30
USD,2017,4,2018-02-28,2018-02-28,54412000.0,54412000.0,48023000.0,-32292000.0,15731000.0,-188401000.0,-90569000.0,-172670000.0,-5342000.0,-5427000.0,-178012000,-181012000,-1053000.0,-182065000,-182065000,-182065000,TSRO,2017-12-31
USD,2018,1,2018-05-03,2018-05-03,54615000.0,54615000.0,49742000.0,-11434000.0,38308000.0,-190362000.0,-93607000.0,-152054000.0,-10346000.0,-10427000.0,-162400000,-162400000,-416000.0,-162816000,-162816000,-162816000,TSRO,2018-03-31
USD,2018,2,2018-08-03,2018-08-03,54845000.0,54845000.0,57208000.0,-15011000.0,42197000.0,-197641000.0,-100033000.0,-155444000.0,-11215000.0,-11296000.0,-166659000,-166659000,8000.0,-166651000,-166651000,-166651000,TSRO,2018-06-30
USD,2018,3,2018-11-02,2018-11-02,54957000.0,54957000.0,64399000.0,-14953000.0,49446000.0,-187685000.0,-93497000.0,-138239000.0,-16154000.0,-16235000.0,-154393000,-136766000,-322000.0,-137088000,-137088000,-137088000,TSRO,2018-09-30
