Currency,Fiscal Year,Fiscal Period,Publish Date,Restated Date,Shares (Basic),Shares (Diluted),Revenue,Cost of Revenue,Gross Profit,Operating Expenses,"Selling, General & Administrative",Operating Income (Loss),Non-Operating Income (Loss),"Interest Expense, Net","Pretax Income (Loss), Adj.",Pretax Income (Loss),"Income Tax (Expense) Benefit, Net",Income (Loss) from Continuing Operations,Net Income,Net Income (Common),Ticker,Report_Date
USD,2018,3,2018-11-09,2018-11-09,39191000.0,39484000.0,210590000.0,-132896000.0,77694000.0,-50310000.0,-48659000.0,27384000.0,1785000.0,-342000.0,29169000,29169000,-8315000.0,20854000,20854000,20854000,MMI,2018-09-30
USD,2018,4,2019-03-01,2019-03-01,39156000.0,39413000.0,230283000.0,-148469000.0,81814000.0,-49325000.0,-47557000.0,32489000.0,927000.0,-346000.0,33416000,33416000,-7191000.0,26225000,26225000,26225000,MMI,2018-12-31
USD,2019,1,2019-05-10,2019-05-10,39311000.0,39515000.0,160707000.0,-91688000.0,69019000.0,-50750000.0,-48918000.0,18269000.0,3026000.0,-349000.0,21295000,21295000,-5657000.0,15638000,15638000,15638000,MMI,2019-03-31
USD,2019,2,2019-08-09,2019-08-09,39395000.0,39527000.0,209593000.0,-127847000.0,81746000.0,-54768000.0,-52836000.0,26978000.0,2779000.0,-340000.0,29757000,29757000,-8478000.0,21279000,21279000,21279000,MMI,2019-06-30
USD,2019,3,2019-11-08,2019-11-08,39441000.0,39550000.0,198220000.0,-124147000.0,74073000.0,-50001000.0,-48091000.0,24072000.0,2244000.0,-329000.0,26316000,26316000,-7024000.0,19292000,19292000,19292000,MMI,2019-09-30
USD,2019,4,2020-03-02,2020-03-02,39469000.0,39600000.0,237908000.0,-155196000.0,82712000.0,-55608000.0,-53265000.0,27104000.0,3040000.0,-370000.0,30144000,30144000,-9423000.0,20721000,20721000,20721000,MMI,2019-12-31
USD,2020,1,2020-05-11,2021-05-07,39541000.0,39646000.0,190717000.0,-113757000.0,76960000.0,-57324000.0,-54860000.0,19636000.0,-649000.0,-283000.0,18987000,18987000,-5917000.0,13070000,13070000,13070000,MMI,2020-03-31
USD,2020,2,2020-08-10,2020-08-10,39629000.0,39673000.0,117400000.0,-73743000.0,43657000.0,-46271000.0,-43519000.0,-2614000.0,2762000.0,-213000.0,148000,148000,-42000.0,106000,106000,106000,MMI,2020-06-30
