Currency,Fiscal Year,Fiscal Period,Publish Date,Restated Date,Shares (Basic),Shares (Diluted),Revenue,Cost of Revenue,Gross Profit,Operating Expenses,"Selling, General & Administrative",Operating Income (Loss),Non-Operating Income (Loss),"Interest Expense, Net","Pretax Income (Loss), Adj.",Pretax Income (Loss),"Income Tax (Expense) Benefit, Net",Income (Loss) from Continuing Operations,Net Income,Net Income (Common),Ticker,Report_Date
USD,2018,3,2018-10-31,2018-10-31,339000000.0,339000000.0,3911400000.0,-596800000.0,3314600000.0,-3057100000.0,-1044800000.0,257500000.0,-80400000.0,-210400000.0,177100000,177100000,-213400000.0,-36300000,-37900000,-37900000,AGN,2018-09-30
USD,2018,4,2019-02-15,2019-02-15,335300000.0,335300000.0,4079700000.0,-590000000.0,3489700000.0,-6032700000.0,-1193600000.0,-2543000000.0,-208500000.0,-198600000.0,-2751500000,-5592600000,1296700000.0,-4295900000,-4299900000,-4299900000,AGN,2018-12-31
USD,2019,1,2019-05-07,2019-05-07,332000000.0,332000000.0,3597100000.0,-497800000.0,3099300000.0,-2941500000.0,-1112300000.0,157800000.0,-166700000.0,-180500000.0,-8900000,-2475900000,68600000.0,-2407300000,-2408000000,-2408000000,AGN,2019-03-31
USD,2019,2,2019-08-08,2019-08-08,327800000.0,327800000.0,4090100000.0,-652300000.0,3437800000.0,-3614900000.0,-1197500000.0,-177100000.0,-190400000.0,-185700000.0,-367500000,-1453300000,-301600000.0,-1754900000,-1759000000,-1759000000,AGN,2019-06-30
USD,2019,3,2019-11-05,2019-11-05,328000000.0,328000000.0,4050700000.0,-639000000.0,3411700000.0,-4008300000.0,-1994100000.0,-596600000.0,-170900000.0,-173400000.0,-767500000,-767500000,-18100000.0,-785600000,-786800000,-786800000,AGN,2019-09-30
USD,2019,4,2020-04-29,2020-04-29,328200000.0,328200000.0,4351000000.0,-704000000.0,3647000000.0,-3923600000.0,-1639600000.0,-276600000.0,-145400000.0,-166600000.0,-422000000,-422000000,104700000.0,-317300000,-317200000,-317200000,AGN,2019-12-31
USD,2020,1,2020-05-07,2020-05-07,329100000.0,331900000.0,3604400000.0,-623100000.0,2981300000.0,-3367900000.0,-1373400000.0,-386600000.0,-188200000.0,-163300000.0,-574800000,-1487800000,1866800000.0,379000000,378000000,378000000,AGN,2020-03-31
