Currency,Fiscal Year,Fiscal Period,Publish Date,Restated Date,Shares (Basic),Shares (Diluted),Revenue,Cost of Revenue,Gross Profit,Operating Expenses,"Selling, General & Administrative",Operating Income (Loss),Non-Operating Income (Loss),"Interest Expense, Net","Pretax Income (Loss), Adj.",Pretax Income (Loss),"Income Tax (Expense) Benefit, Net",Income (Loss) from Continuing Operations,Net Income,Net Income (Common),Ticker,Report_Date
USD,2019,3,2019-03-01,2019-03-01,1342800000.0,1352700000.0,7546000000.0,-2265000000.0,5281000000.0,-3650000000.0,-2596000000.0,1631000000.0,-172000000.0,-243000000.0,1459000000,1370000000,-99000000.0,1271000000,1269000000,1269000000,MDT,2019-01-31
USD,2019,4,2019-06-21,2019-06-21,1340900000.0,1351000000.0,8146000000.0,-2483000000.0,5663000000.0,-3631000000.0,-2620000000.0,2032000000.0,-654000000.0,-718000000.0,1378000000,1292000000,-110000000.0,1182000000,1172000000,1172000000,MDT,2019-04-30
USD,2020,1,2019-08-30,2019-08-30,1340800000.0,1351900000.0,7493000000.0,-2366000000.0,5127000000.0,-3548000000.0,-2543000000.0,1579000000.0,-508000000.0,-609000000.0,1071000000,977000000,-100000000.0,877000000,864000000,864000000,MDT,2019-07-31
USD,2020,2,2019-12-03,2019-12-03,1340800000.0,1351400000.0,7706000000.0,-2394000000.0,5312000000.0,-3813000000.0,-2620000000.0,1499000000.0,-57000000.0,-165000000.0,1442000000,1294000000,77000000.0,1371000000,1364000000,1364000000,MDT,2019-10-31
USD,2020,3,2020-02-28,2020-02-28,1340500000.0,1351500000.0,7717000000.0,-2400000000.0,5317000000.0,-3557000000.0,-2587000000.0,1760000000.0,-60000000.0,-156000000.0,1700000000,1579000000,340000000.0,1919000000,1915000000,1915000000,MDT,2020-01-31
USD,2020,4,2020-06-19,2020-06-19,1340700000.0,1349600000.0,5997000000.0,-2264000000.0,3733000000.0,-3349000000.0,-2359000000.0,384000000.0,-111000000.0,-162000000.0,273000000,205000000,434000000.0,639000000,646000000,646000000,MDT,2020-04-30
