Currency,Fiscal Year,Fiscal Period,Publish Date,Restated Date,Shares (Basic),Shares (Diluted),Revenue,Cost of Revenue,Gross Profit,Operating Expenses,"Selling, General & Administrative",Operating Income (Loss),Non-Operating Income (Loss),"Interest Expense, Net","Pretax Income (Loss), Adj.",Pretax Income (Loss),"Income Tax (Expense) Benefit, Net",Income (Loss) from Continuing Operations,Net Income,Net Income (Common),Ticker,Report_Date
USD,2018,1,2018-06-13,2019-06-03,29080000.0,29438000.0,123634000.0,-88657000.0,34977000.0,-33646000.0,-33646000.0,1331000.0,383000.0,383000.0,1714000,1714000,-491000.0,1223000,1223000,1223000,TLYS,2018-04-30
USD,2018,2,2018-08-30,2019-09-10,29209000.0,29681000.0,157406000.0,-107301000.0,50105000.0,-37627000.0,-37627000.0,12478000.0,490000.0,490000.0,12968000,12968000,-3279000.0,9689000,9689000,9689000,TLYS,2018-07-31
USD,2018,3,2018-12-10,2019-12-10,29373000.0,30075000.0,146826000.0,-103170000.0,43656000.0,-36919000.0,-36919000.0,6737000.0,585000.0,585000.0,7322000,7322000,-1967000.0,5355000,5355000,5355000,TLYS,2018-10-31
USD,2018,4,2019-03-29,2021-04-01,29450000.0,29878000.0,170612000.0,-118454000.0,52158000.0,-41224000.0,-41224000.0,10934000.0,855000.0,-1458000.0,11789000,11789000,-3113000.0,8676000,8676000,8676000,TLYS,2019-01-31
USD,2019,1,2019-06-03,2019-06-03,29469000.0,29808000.0,130303000.0,-94619000.0,35684000.0,-35538000.0,-35538000.0,146000.0,829000.0,829000.0,975000,975000,-298000.0,677000,677000,677000,TLYS,2019-04-30
USD,2019,2,2019-09-10,2019-09-10,29505000.0,29678000.0,161738000.0,-110019000.0,51719000.0,-39609000.0,-39609000.0,12110000.0,572000.0,572000.0,12682000,12682000,-3398000.0,9284000,9284000,9284000,TLYS,2019-07-31
USD,2019,3,2019-12-10,2020-12-10,29529000.0,29759000.0,154780000.0,-107609000.0,47171000.0,-39467000.0,-39467000.0,7704000.0,911000.0,55965.51724137931,8615000,8615000,-2227000.0,6388000,6388000,6388000,TLYS,2019-10-31
USD,2019,4,2020-04-01,2020-12-10,29629000.0,29907000.0,172479000.0,-120345000.0,52134000.0,-43639000.0,-43639000.0,8495000.0,589000.0,-1401000.0,9084000,9084000,-2811000.0,6273000,6273000,6273000,TLYS,2020-01-31
USD,2020,1,2020-06-15,2021-06-08,29677000.0,29677000.0,77289000.0,-75695000.0,1594000.0,-29995000.0,-29995000.0,-28401000.0,409000.0,55965.51724137931,-27992000,-27992000,10597000.0,-17395000,-17395000,-17395000,TLYS,2020-04-30
