Currency,Fiscal Year,Fiscal Period,Publish Date,Restated Date,Shares (Basic),Shares (Diluted),Revenue,Cost of Revenue,Gross Profit,Operating Expenses,"Selling, General & Administrative",Operating Income (Loss),Non-Operating Income (Loss),"Interest Expense, Net","Pretax Income (Loss), Adj.",Pretax Income (Loss),"Income Tax (Expense) Benefit, Net",Income (Loss) from Continuing Operations,Net Income,Net Income (Common),Ticker,Report_Date
USD,2018,3,2018-10-29,2018-10-29,70556877.0,73000000.0,875000000.0,-705000000.0,170000000.0,-108000000.0,-85000000.0,62000000.0,-2000000.0,-6467904.761904762,60000000,60000000,-9000000.0,51000000,51000000,51000000,TNET,2018-09-30
USD,2018,4,2019-02-14,2021-02-16,69395371.0,69725179.0,917000000.0,-755000000.0,162000000.0,-120000000.0,-97000000.0,42000000.0,0.0,-10000000.0,42000000,42000000,-13000000.0,29000000,29000000,29000000,TNET,2018-12-31
USD,2019,1,2019-04-29,2019-04-29,69909984.0,71000000.0,934000000.0,-747000000.0,187000000.0,-105000000.0,-82000000.0,82000000.0,1000000.0,1000000.0,83000000,83000000,-20000000.0,63000000,63000000,63000000,TNET,2019-03-31
USD,2019,2,2019-07-25,2019-07-25,69703792.0,71074751.0,935000000.0,-767000000.0,168000000.0,-113000000.0,-88000000.0,55000000.0,1000000.0,1000000.0,56000000,56000000,-10000000.0,46000000,46000000,46000000,TNET,2019-06-30
USD,2019,3,2019-10-24,2019-10-24,69612362.0,70972874.0,969000000.0,-807000000.0,162000000.0,-94000000.0,-74000000.0,68000000.0,-1000000.0,-1000000.0,67000000,67000000,-12000000.0,55000000,55000000,55000000,TNET,2019-09-30
USD,2019,4,2020-02-13,2020-02-13,70773862.0,70952375.0,1018000000.0,-851000000.0,167000000.0,-104000000.0,-83000000.0,63000000.0,1000000.0,1000000.0,64000000,64000000,-16000000.0,48000000,48000000,48000000,TNET,2019-12-31
USD,2020,1,2020-04-28,2021-04-26,68000000.0,69000000.0,1048000000.0,-829000000.0,219000000.0,-99000000.0,-79000000.0,120000000.0,1000000.0,1000000.0,121000000,121000000,-30000000.0,91000000,91000000,91000000,TNET,2020-03-31
USD,2020,2,2020-07-27,2020-07-27,67000000.0,68000000.0,948000000.0,-673000000.0,275000000.0,-102000000.0,-80000000.0,173000000.0,-2000000.0,-2000000.0,171000000,171000000,-45000000.0,126000000,126000000,126000000,TNET,2020-06-30
