Currency,Fiscal Year,Fiscal Period,Publish Date,Restated Date,Shares (Basic),Shares (Diluted),Revenue,Cost of Revenue,Gross Profit,Operating Expenses,"Selling, General & Administrative",Operating Income (Loss),Non-Operating Income (Loss),"Interest Expense, Net","Pretax Income (Loss), Adj.",Pretax Income (Loss),"Income Tax (Expense) Benefit, Net",Income (Loss) from Continuing Operations,Net Income,Net Income (Common),Ticker,Report_Date
USD,2018,4,2019-02-25,2019-02-25,90471000.0,90471000.0,2014004000.0,-1528882000.0,485122000.0,-354681000.0,-354681000.0,130441000.0,-13156000.0,-10291000.0,117285000,-142761000,-1084000.0,-143845000,-143845000,-143845000,W,2018-12-31
USD,2019,1,2019-05-02,2019-05-02,91104000.0,91104000.0,1944829000.0,-1474373000.0,470456000.0,-664090000.0,-664090000.0,-193634000.0,-6160000.0,-9238000.0,-199794000,-199794000,-595000.0,-200389000,-200389000,-200389000,W,2019-03-31
USD,2019,2,2019-08-01,2019-08-01,91802000.0,91802000.0,2343251000.0,-1783651000.0,559600000.0,-730777000.0,-730777000.0,-171177000.0,-9930000.0,-10252000.0,-181107000,-181107000,-831000.0,-181938000,-181938000,-181938000,W,2019-06-30
USD,2019,3,2019-10-31,2019-10-31,92540000.0,92540000.0,2305487000.0,-1765566000.0,539921000.0,-799630000.0,-799630000.0,-259709000.0,-12250000.0,-14432000.0,-271959000,-271959000,-76000.0,-272035000,-272035000,-272035000,W,2019-09-30
USD,2019,4,2020-02-28,2020-02-28,93354000.0,93354000.0,2533490000.0,-1956135000.0,577355000.0,-526049000.0,-526049000.0,51306000.0,-23293000.0,-20592000.0,28013000,-328714000,-1508000.0,-330222000,-330222000,-330222000,W,2019-12-31
USD,2020,1,2020-05-05,2021-05-06,94089000.0,94089000.0,2330063000.0,-1750940000.0,579123000.0,-751728000.0,-751728000.0,-172605000.0,-22464000.0,-22218000.0,-195069000,-284532000,-1333000.0,-285865000,-285865000,-285865000,W,2020-03-31
USD,2020,2,2020-08-05,2020-08-05,94834000.0,119932000.0,4304672000.0,-2983642000.0,1321030000.0,-1021032000.0,-1021032000.0,299998000.0,-25829000.0,-28939000.0,274169000,274169000,-292000.0,273877000,273877000,273877000,W,2020-06-30
