Currency,Fiscal Year,Fiscal Period,Publish Date,Restated Date,Shares (Basic),Shares (Diluted),Revenue,Cost of Revenue,Gross Profit,Operating Expenses,"Selling, General & Administrative",Operating Income (Loss),Non-Operating Income (Loss),"Interest Expense, Net","Pretax Income (Loss), Adj.",Pretax Income (Loss),"Income Tax (Expense) Benefit, Net",Income (Loss) from Continuing Operations,Net Income,Net Income (Common),Ticker,Report_Date
USD,2018,4,2019-05-17,2021-05-24,121987000.0,127834000.0,680882000.0,-414309000.0,266573000.0,-202526000.0,-75033000.0,64047000.0,-13851000.0,-18147000.0,50196000,50196000,11321000.0,61517000,61517000,61517000,QRVO,2019-03-31
USD,2019,1,2019-08-06,2019-08-06,118756000.0,121123000.0,775598000.0,-481309000.0,294289000.0,-239063000.0,-88979000.0,55226000.0,-10029000.0,-8918000.0,45197000,45197000,-5656000.0,39541000,39541000,39541000,QRVO,2019-06-30
USD,2019,2,2019-11-01,2019-11-01,117294000.0,119429000.0,806698000.0,-483116000.0,323582000.0,-210815000.0,-88274000.0,112767000.0,-10701000.0,-10401000.0,102066000,102066000,-19028000.0,83038000,83038000,83038000,QRVO,2019-09-30
USD,2019,3,2020-01-30,2021-02-04,116129000.0,118455000.0,869073000.0,-500962000.0,368111000.0,-215042000.0,-81205000.0,153069000.0,30122000.0,-14026000.0,183191000,183191000,-21835000.0,161356000,161356000,161356000,QRVO,2019-12-31
USD,2019,4,2020-05-20,2020-05-20,115849000.0,118165000.0,787772000.0,-451991000.0,335781000.0,-233627000.0,-85111000.0,102154000.0,-37519000.0,-27047000.0,64635000,64635000,-14245000.0,50390000,50390000,50390000,QRVO,2020-03-31
USD,2020,1,2020-07-30,2020-07-30,114585000.0,116751000.0,787451000.0,-461662000.0,325789000.0,-233077000.0,-86604000.0,92712000.0,4288000.0,-17659000.0,97000000,97000000,-78000.0,96922000,96922000,96922000,QRVO,2020-06-30
