Currency,Fiscal Year,Fiscal Period,Publish Date,Restated Date,Shares (Basic),Shares (Diluted),Revenue,Cost of Revenue,Gross Profit,Operating Expenses,"Selling, General & Administrative",Operating Income (Loss),Non-Operating Income (Loss),"Interest Expense, Net","Pretax Income (Loss), Adj.",Pretax Income (Loss),"Income Tax (Expense) Benefit, Net",Income (Loss) from Continuing Operations,Net Income,Net Income (Common),Ticker,Report_Date
USD,2019,2,2019-02-05,2020-02-03,145058230.0,146660339.0,623000000.0,-421600000.0,201400000.0,-123200000.0,-123200000.0,78200000.0,-26900000.0,-25500000.0,51300000,51300000,-2300000.0,49000000,49000000,49000000,CTLT,2018-12-31
USD,2019,3,2019-05-07,2020-05-05,145145310.0,146758271.0,617500000.0,-418800000.0,198700000.0,-129900000.0,-129900000.0,68800000.0,-23200000.0,-26400000.0,45600000,42600000,-10900000.0,31700000,31700000,31700000,CTLT,2019-03-31
USD,2019,4,2019-08-27,2020-08-31,145293919.0,147038270.0,725700000.0,-469200000.0,256500000.0,-143400000.0,-143400000.0,113100000.0,-29700000.0,-30900000.0,83400000,79800000,-8700000.0,71100000,71100000,65700000,CTLT,2019-06-30
USD,2020,1,2019-11-05,2020-11-03,145663115.0,145663115.0,664700000.0,-487000000.0,177700000.0,-142800000.0,-142800000.0,34900000.0,-41200000.0,-36300000.0,-6300000,-6800000,6900000.0,100000,100000,-8000000,CTLT,2019-09-30
USD,2020,2,2020-02-03,2021-02-02,146068025.0,147690921.0,721400000.0,-489200000.0,232200000.0,-141000000.0,-141000000.0,91200000.0,-30500000.0,-34900000.0,60700000,58500000,-13000000.0,45500000,45500000,34300000,CTLT,2019-12-31
USD,2020,3,2020-05-05,2021-05-04,151267795.0,153055642.0,760600000.0,-521799999.0,238800001.0,-136100000.0,-136100000.0,102700001.0,-71100000.0,-34400000.0,31600001,29700001,-8800000.0,20900001,20900001,11800001,CTLT,2020-03-31
USD,2020,4,2020-08-31,2020-08-31,147647548.0,149491107.0,947600000.0,-613000001.0,334599999.0,-158000000.0,-158000000.0,176599999.0,8800000.0,-20500000.0,185399999,178999999,-24800000.0,154199999,154199999,134899999,CTLT,2020-06-30
