Currency,Fiscal Year,Fiscal Period,Publish Date,Restated Date,Shares (Basic),Shares (Diluted),Revenue,Cost of Revenue,Gross Profit,Operating Expenses,"Selling, General & Administrative",Operating Income (Loss),Non-Operating Income (Loss),"Interest Expense, Net","Pretax Income (Loss), Adj.",Pretax Income (Loss),"Income Tax (Expense) Benefit, Net",Income (Loss) from Continuing Operations,Net Income,Net Income (Common),Ticker,Report_Date
USD,2019,1,2019-05-02,2019-05-02,94811282.0,94811282.0,73309000.0,-19814000.0,53495000.0,-59613000.0,-42571000.0,-6118000.0,-2371000.0,-2371000.0,-8489000,-8489000,-3661000.0,-12150000,-12150000,-12150000,NVCR,2019-03-31
USD,2019,2,2019-07-25,2019-07-25,96356317.0,96356317.0,86713000.0,-21106000.0,65607000.0,-64411000.0,-44957000.0,1196000.0,-1239000.0,-1239000.0,-43000,-43000,-1227000.0,-1270000,-1270000,-1270000,NVCR,2019-06-30
USD,2019,3,2019-10-31,2019-10-31,98485519.0,107604578.0,92062000.0,-22900000.0,69162000.0,-65307000.0,-46541000.0,3855000.0,-2555000.0,-2555000.0,1300000,1300000,630000.0,1930000,1930000,1930000,NVCR,2019-09-30
USD,2019,4,2020-02-27,2020-02-27,99297078.0,90178019.0,99234000.0,-24786000.0,74448000.0,-74295000.0,-50554000.0,153000.0,-1745000.0,-1745000.0,-1592000,-1592000,5852000.0,4260000,4260000,4260000,NVCR,2019-12-31
USD,2020,1,2020-07-03,2021-04-29,99877567.0,108100623.0,101828000.0,-24496000.0,77332000.0,-80713000.0,-55442000.0,-3381000.0,-2432000.0,-2432000.0,-5813000,-5813000,9765000.0,3952000,3952000,3952000,NVCR,2020-03-31
USD,2020,2,2020-10-02,2020-10-02,100718893.0,107647802.0,115925000.0,-25474000.0,90451000.0,-83783000.0,-53865000.0,6668000.0,-2617000.0,-2617000.0,4051000,4051000,-2396000.0,1655000,1655000,1655000,NVCR,2020-06-30
