Currency,Fiscal Year,Fiscal Period,Publish Date,Restated Date,Shares (Basic),Shares (Diluted),Revenue,Cost of Revenue,Gross Profit,Operating Expenses,"Selling, General & Administrative",Operating Income (Loss),Non-Operating Income (Loss),"Interest Expense, Net","Pretax Income (Loss), Adj.",Pretax Income (Loss),"Income Tax (Expense) Benefit, Net",Income (Loss) from Continuing Operations,Net Income,Net Income (Common),Ticker,Report_Date
USD,2018,4,2019-02-08,2021-02-26,181333000.0,182599000.0,3576000.0,-2130000.0,1446000.0,-6539000.0,-6069000.0,-5093000.0,33226000.0,-6263000.0,28133000,19723000,-4919000.0,14804000,14804000,14804000,LBRDA,2018-12-31
USD,2019,1,2019-05-02,2020-05-01,181366000.0,182665000.0,3458000.0,-2253000.0,1205000.0,-7406000.0,-6938000.0,-6201000.0,28729000.0,-6543000.0,22528000,-18875000,4574000.0,-14301000,-14301000,-14301000,LBRDA,2019-03-31
USD,2019,2,2019-08-01,2020-07-31,181450000.0,182832000.0,3747000.0,-2227000.0,1520000.0,-8686000.0,-8217000.0,-7166000.0,39464000.0,-6342000.0,32298000,15976000,-3924000.0,12052000,12052000,12052000,LBRDA,2019-06-30
USD,2019,3,2019-11-01,2020-11-04,181522000.0,182973000.0,3713000.0,-2323000.0,1390000.0,-8978000.0,-8507000.0,-7588000.0,55860000.0,-6123000.0,48272000,36620000,-9124000.0,27496000,27496000,27496000,LBRDA,2019-09-30
USD,2019,4,2020-02-03,2021-02-26,181786000.0,182666000.0,3941000.0,-2647000.0,1294000.0,-9616000.0,-9149000.0,-8322000.0,138541000.0,-6158000.0,130219000,121437000,-29468000.0,91969000,91969000,91969000,LBRDA,2019-12-31
USD,2020,1,2020-05-01,2021-05-07,181902000.0,182808000.0,4104000.0,-1883565.2173913044,4104000.0,-11379000.0,-8418000.0,-7275000.0,55984000.0,-5861000.0,48709000,-10616000,2774000.0,-7842000,-7842000,-7842000,LBRDA,2020-03-31
USD,2020,2,2020-07-31,2020-07-31,181925000.0,182846000.0,4114000.0,-2524000.0,1590000.0,-11422000.0,-10930000.0,-9832000.0,153025000.0,-5131000.0,143193000,97192000,-24978000.0,72214000,72214000,72214000,LBRDA,2020-06-30
