Currency,Fiscal Year,Fiscal Period,Publish Date,Restated Date,Shares (Basic),Shares (Diluted),Revenue,Cost of Revenue,Gross Profit,Operating Expenses,"Selling, General & Administrative",Operating Income (Loss),Non-Operating Income (Loss),"Interest Expense, Net","Pretax Income (Loss), Adj.",Pretax Income (Loss),"Income Tax (Expense) Benefit, Net",Income (Loss) from Continuing Operations,Net Income,Net Income (Common),Ticker,Report_Date
USD,2019,2,2019-07-31,2019-07-31,24740000.0,24983000.0,397879000.0,-256071000.0,141808000.0,-89174000.0,-57666000.0,52634000.0,933000.0,-5589000.0,53567000,53567000,-9775000.0,43792000,43792000,43792000,LFUS,2019-06-30
USD,2019,3,2019-10-30,2019-10-30,24482000.0,24684000.0,361971000.0,-231025000.0,130946000.0,-83779000.0,-54224000.0,47167000.0,-5763000.0,-5559000.0,41404000,41404000,-5757000.0,35647000,35647000,35647000,LFUS,2019-09-30
USD,2019,4,2020-02-21,2020-02-21,24365000.0,24596000.0,338523000.0,-220210000.0,118313000.0,-72963000.0,-45603000.0,45350000.0,-7843000.0,-5432000.0,37507000,24474000,-1820000.0,22654000,22654000,22654000,LFUS,2019-12-31
USD,2020,1,2020-04-29,2021-04-28,24393000.0,24578000.0,346096000.0,-221740000.0,124356000.0,-75644000.0,-51200000.0,48712000.0,-9251000.0,-5418000.0,39461000,35499000,-10855000.0,24644000,24644000,24644000,LFUS,2020-03-31
USD,2020,2,2020-07-29,2020-07-29,24312000.0,24312000.0,307337000.0,-208238000.0,99099000.0,-77208000.0,-53981000.0,21891000.0,1365000.0,-5855000.0,23256000,-10585000,1594000.0,-8991000,-8991000,-8991000,LFUS,2020-06-30
