Currency,Fiscal Year,Fiscal Period,Publish Date,Restated Date,Shares (Basic),Shares (Diluted),Revenue,Cost of Revenue,Gross Profit,Operating Expenses,"Selling, General & Administrative",Operating Income (Loss),Non-Operating Income (Loss),"Interest Expense, Net","Pretax Income (Loss), Adj.",Pretax Income (Loss),"Income Tax (Expense) Benefit, Net",Income (Loss) from Continuing Operations,Net Income,Net Income (Common),Ticker,Report_Date
USD,2015,2,2015-08-05,2016-08-03,127663000.0,128431000.0,281118000.0,-109640000.0,171478000.0,-153932000.0,-153932000.0,17546000.0,-7167000.0,-5344000.0,10379000,10379000,-1130000.0,9249000,8541000,8541000,KATE,2015-06-30
USD,2015,3,2015-11-05,2016-11-02,127682000.0,128118000.0,277328000.0,-107514000.0,169814000.0,-157497000.0,-157497000.0,12317000.0,-6834000.0,-5274000.0,5483000,5483000,-973000.0,4510000,2303000,2303000,KATE,2015-09-30
USD,2015,4,2016-03-01,2017-02-23,127702000.0,128850000.0,428958000.0,-170870000.0,258088000.0,-184427000.0,-184427000.0,73661000.0,-11529000.0,-5170000.0,62132000,62132000,-624000.0,61508000,61464000,61464000,KATE,2015-12-31
USD,2016,1,2016-05-04,2017-05-01,127931000.0,128636000.0,274422000.0,-104941000.0,169481000.0,-151768000.0,-151768000.0,17713000.0,-5243000.0,-4996000.0,12470000,12470000,-1554000.0,10916000,11636000,11636000,KATE,2016-03-31
USD,2016,2,2016-08-03,2016-08-03,128000000.0,129140000.0,319691000.0,-128985000.0,190706000.0,-156651000.0,-156651000.0,34055000.0,-8030000.0,-4937000.0,26025000,26025000,-1466000.0,24559000,26773000,26773000,KATE,2016-06-30
USD,2016,3,2016-11-02,2016-11-02,128101000.0,129451000.0,316528000.0,-128600000.0,187928000.0,-150826000.0,-150826000.0,37102000.0,-7655000.0,-4920000.0,29447000,29447000,56000.0,29503000,29626000,29626000,KATE,2016-09-30
USD,2016,4,2017-04-28,2017-04-28,128140000.0,129429000.0,470837000.0,-192032000.0,278805000.0,-184062000.0,-184062000.0,94743000.0,-7056000.0,-4861000.0,87687000,87687000,-1107000.0,86580000,85547000,85547000,KATE,2016-12-31
USD,2017,1,2017-05-01,2017-05-01,128387000.0,128954000.0,271225000.0,-99763000.0,171462000.0,-164580000.0,-164580000.0,6882000.0,-3938000.0,-4545000.0,2944000,2944000,-1750000.0,1194000,1359000,1359000,KATE,2017-03-31
