Currency,Fiscal Year,Fiscal Period,Publish Date,Restated Date,Shares (Basic),Shares (Diluted),Revenue,Cost of Revenue,Gross Profit,Operating Expenses,"Selling, General & Administrative",Operating Income (Loss),Non-Operating Income (Loss),"Interest Expense, Net","Pretax Income (Loss), Adj.",Pretax Income (Loss),"Income Tax (Expense) Benefit, Net",Income (Loss) from Continuing Operations,Net Income,Net Income (Common),Ticker,Report_Date
USD,2018,2,2018-08-01,2018-08-01,142300000.0,151900000.0,1285500000.0,-235400000.0,1050100000.0,-858300000.0,-510200000.0,191800000.0,-49000000.0,-44300000.0,142800000,142800000,-48400000.0,94400000,94400000,94400000,HLF,2018-06-30
USD,2018,3,2018-10-30,2018-10-30,136200000.0,145600000.0,1242800000.0,-218100000.0,1024700000.0,-837400000.0,-499400000.0,187300000.0,-70800000.0,-39900000.0,116500000,116500000,-45300000.0,71200000,71200000,71200000,HLF,2018-09-30
USD,2018,4,2019-02-19,2019-02-19,136900000.0,147900000.0,1186600000.0,-225900000.0,960700000.0,-812500000.0,-485500000.0,148200000.0,-34800000.0,-37500000.0,113400000,113400000,-64500000.0,48900000,48900000,48900000,HLF,2018-12-31
USD,2019,1,2019-05-02,2019-05-02,137100000.0,145500000.0,1172200000.0,-241600000.0,930600000.0,-767600000.0,-435400000.0,163000000.0,-27600000.0,-36100000.0,135400000,135400000,-39100000.0,96300000,96300000,96300000,HLF,2019-03-31
USD,2019,2,2019-08-01,2019-08-01,137400000.0,142400000.0,1240100000.0,-243200000.0,996900000.0,-843800000.0,-477000000.0,153100000.0,-30400000.0,-36300000.0,122700000,122700000,-46200000.0,76500000,76500000,76500000,HLF,2019-06-30
USD,2019,3,2019-10-29,2019-10-29,137400000.0,140000000.0,1244500000.0,-243400000.0,1001100000.0,-857500000.0,-500100000.0,143600000.0,-30300000.0,-31600000.0,113300000,113300000,-31800000.0,81500000,81500000,81500000,HLF,2019-09-30
USD,2019,4,2020-02-18,2020-02-18,137700000.0,138500000.0,1220300000.0,-229800000.0,990500000.0,-882100000.0,-527800000.0,108400000.0,-28400000.0,-28400000.0,80000000,80000000,-23300000.0,56700000,56700000,56700000,HLF,2019-12-31
USD,2020,1,2020-05-07,2021-05-04,137800000.0,140200000.0,1262400000.0,-245700000.0,1016700000.0,-921100000.0,-549000000.0,95600000.0,-25000000.0,-25000000.0,70600000,70600000,-25000000.0,45600000,45600000,45600000,HLF,2020-03-31
USD,2020,2,2020-08-06,2020-08-06,137900000.0,140100000.0,1346900000.0,-272800000.0,1074100000.0,-884400000.0,-480800000.0,189700000.0,-28800000.0,-28800000.0,160900000,160900000,-45800000.0,115100000,115100000,115100000,HLF,2020-06-30
