Currency,Fiscal Year,Fiscal Period,Publish Date,Restated Date,Shares (Basic),Shares (Diluted),Revenue,Cost of Revenue,Gross Profit,Operating Expenses,"Selling, General & Administrative",Operating Income (Loss),Non-Operating Income (Loss),"Interest Expense, Net","Pretax Income (Loss), Adj.",Pretax Income (Loss),"Income Tax (Expense) Benefit, Net",Income (Loss) from Continuing Operations,Net Income,Net Income (Common),Ticker,Report_Date
USD,2015,3,2015-05-06,2016-05-05,244286000.0,245084000.0,372021000.0,-89147000.0,282874000.0,-109321000.0,-42221000.0,173553000.0,881000.0,-12319176.470588235,174434000,174434000,-39247000.0,135187000,135187000,135187000,LLTC,2015-04-30
USD,2015,4,2015-08-19,2016-08-25,245168000.0,246396000.0,379483000.0,-90847000.0,288636000.0,-112065000.0,-43105000.0,176571000.0,975000.0,-12319176.470588235,177546000,177546000,-44831000.0,132715000,132715000,132715000,LLTC,2015-07-31
USD,2016,1,2015-11-05,2016-11-09,244863000.0,245234000.0,341917000.0,-85205000.0,256712000.0,-106795000.0,-40193000.0,149917000.0,987000.0,-12319176.470588235,150904000,150904000,-38857000.0,112047000,112047000,112047000,LLTC,2015-10-31
USD,2016,2,2016-02-11,2017-01-31,244591000.0,244880000.0,347128000.0,-84384000.0,262744000.0,-113287000.0,-43403000.0,149457000.0,1521000.0,-12319176.470588235,150978000,150978000,-29446000.0,121532000,121532000,121532000,LLTC,2016-01-31
USD,2016,3,2016-05-05,2016-05-05,244524000.0,244764000.0,361125000.0,-85960000.0,275165000.0,-112687000.0,-43042000.0,162478000.0,1593000.0,-12319176.470588235,164071000,164071000,-35679000.0,128392000,128392000,128392000,LLTC,2016-04-30
USD,2016,4,2016-08-25,2016-08-25,244670000.0,245314000.0,373766000.0,-88252000.0,285514000.0,-113813000.0,-43482000.0,171701000.0,1795000.0,-12319176.470588235,173496000,173496000,-41121000.0,132375000,132375000,132375000,LLTC,2016-07-31
USD,2017,1,2016-11-09,2016-11-09,245271000.0,245709000.0,373895000.0,-91826000.0,282069000.0,-132768000.0,-56409000.0,149301000.0,2173000.0,-12319176.470588235,151474000,151474000,-36352000.0,115122000,115122000,115122000,LLTC,2016-10-31
USD,2017,2,2017-01-31,2017-01-31,245804000.0,246280000.0,375817000.0,-90990000.0,284827000.0,-124582000.0,-47552000.0,160245000.0,2361000.0,-12319176.470588235,162606000,162606000,-38620000.0,123986000,123986000,123986000,LLTC,2017-01-31
