Currency,Fiscal Year,Fiscal Period,Publish Date,Restated Date,Shares (Basic),Shares (Diluted),Revenue,Cost of Revenue,Gross Profit,Operating Expenses,"Selling, General & Administrative",Operating Income (Loss),Non-Operating Income (Loss),"Interest Expense, Net","Pretax Income (Loss), Adj.",Pretax Income (Loss),"Income Tax (Expense) Benefit, Net",Income (Loss) from Continuing Operations,Net Income,Net Income (Common),Ticker,Report_Date
USD,2018,2,2018-08-07,2018-08-07,57613596.0,58761229.0,489699000.0,-363662000.0,126037000.0,-61413000.0,-53137000.0,64624000.0,-12161000.0,-12161000.0,52463000,52463000,-12037000.0,40426000,40426000,40426000,BFAM,2018-06-30
USD,2018,3,2018-11-06,2018-11-06,57719730.0,58924423.0,471585000.0,-358545000.0,113040000.0,-57580000.0,-49427000.0,55460000.0,-11795000.0,-11795000.0,43665000,43665000,-10065000.0,33600000,33600000,33600000,BFAM,2018-09-30
USD,2018,4,2019-02-27,2021-03-01,57726263.0,58868993.0,478241000.0,-357607000.0,120634000.0,-56907000.0,-48815000.0,63727000.0,-12049000.0,-12049000.0,51678000,51678000,-5021000.0,46657000,46657000,46657000,BFAM,2018-12-31
USD,2019,1,2019-05-09,2019-05-09,173037123.0,58752384.0,501758000.0,-374811000.0,126947000.0,-64037000.0,-55875000.0,62910000.0,-11948000.0,-11948000.0,50962000,50962000,-8920000.0,42042000,42042000,42042000,BFAM,2019-03-31
USD,2019,2,2019-08-07,2019-08-07,58939763.0,58939763.0,528060000.0,-388439000.0,139621000.0,-64788000.0,-56491000.0,74833000.0,-11723000.0,-11723000.0,63110000,63110000,-13783000.0,49327000,49327000,49327000,BFAM,2019-06-30
USD,2019,3,2019-11-06,2019-11-06,59132689.0,59132689.0,511584000.0,-386364000.0,125220000.0,-62591000.0,-53964000.0,62629000.0,-10955000.0,-10955000.0,51674000,51674000,-10420000.0,41254000,41254000,41254000,BFAM,2019-09-30
USD,2019,4,2020-02-27,2020-02-27,58964124.0,58964124.0,520615000.0,-389467000.0,131148000.0,-63701000.0,-55166000.0,67447000.0,-10528000.0,-10528000.0,56919000,56919000,-9156000.0,47763000,47763000,47763000,BFAM,2019-12-31
USD,2020,1,2020-05-11,2021-05-10,58878784.0,58878784.0,506323000.0,-397464000.0,108859000.0,-65578000.0,-57369000.0,43281000.0,-10206000.0,-10206000.0,33075000,33075000,-2343000.0,30732000,30732000,30732000,BFAM,2020-03-31
USD,2020,2,2020-08-10,2020-08-10,57838245.0,58878784.0,293772000.0,-228536000.0,65236000.0,-57122000.0,-49247000.0,8114000.0,-9129000.0,-9129000.0,-1015000,-1015000,1374000.0,359000,359000,359000,BFAM,2020-06-30
