Currency,Fiscal Year,Fiscal Period,Publish Date,Restated Date,Shares (Basic),Shares (Diluted),Revenue,Cost of Revenue,Gross Profit,Operating Expenses,"Selling, General & Administrative",Operating Income (Loss),Non-Operating Income (Loss),"Interest Expense, Net","Pretax Income (Loss), Adj.",Pretax Income (Loss),"Income Tax (Expense) Benefit, Net",Income (Loss) from Continuing Operations,Net Income,Net Income (Common),Ticker,Report_Date
USD,2018,2,2018-08-09,2018-08-09,221100000.0,222800000.0,2444400000.0,-1905300000.0,539100000.0,-383700000.0,-57000000.0,155400000.0,-60100000.0,-62000000.0,95300000,153900000,-32800000.0,121100000,109100000,79000000,TRGP,2018-06-30
USD,2018,3,2018-11-08,2018-11-08,226500000.0,226500000.0,2986400000.0,-2383500000.0,602900000.0,-526200000.0,-63200000.0,76700000.0,-75200000.0,-78200000.0,1500000,-15100000,3900000.0,-11200000,-23700000,-54000000,TRGP,2018-09-30
USD,2018,4,2019-03-01,2019-03-01,230500000.0,228800000.0,2597600000.0,-2008400000.0,589200000.0,-460099999.0,-79999999.0,129100001.0,-60700000.0,-61700000.0,68400001,-120699999,32300000.0,-88399999,-106699999,-137299999,TRGP,2018-12-31
USD,2019,1,2019-05-08,2019-05-08,232200000.0,232200000.0,2299400000.0,-1726000000.0,573400000.0,-512100000.0,-81100000.0,61300000.0,-77800000.0,-80600000.0,-16500000,-27600000,2900000.0,-24700000,-38900000,-69700000,TRGP,2019-03-31
USD,2019,2,2019-08-09,2019-08-09,232400000.0,232400000.0,1995300000.0,-1361600000.0,633700000.0,-520000000.0,-72800000.0,113700000.0,-68900000.0,-72100000.0,44800000,45600000,3300000.0,48900000,-10200000,-41200000,TRGP,2019-06-30
USD,2019,3,2019-11-07,2019-11-07,232700000.0,232700000.0,1902500000.0,-1328100000.0,574400000.0,-532800000.0,-69900000.0,41600000.0,-79100000.0,-89100000.0,-37500000,28300000,3800000.0,32100000,-47300000,-78600000,TRGP,2019-09-30
USD,2019,4,2020-02-20,2020-02-20,232700000.0,232700000.0,2473900000.0,-1702800000.0,771100000.0,-569500000.0,-56900000.0,201600000.0,-73000000.0,-96000000.0,128600000,-93000000,77900000.0,-15100000,-112800000,-144500000,TRGP,2019-12-31
USD,2020,1,2020-05-07,2021-05-06,233000000.0,233000000.0,2048900000.0,-1202100000.0,846800000.0,-481500000.0,-60500000.0,365300000.0,-77400000.0,-98000000.0,287900000,-2115600000,295300000.0,-1820300000,-1737800000,-1769700000,TRGP,2020-03-31
USD,2020,2,2020-08-06,2020-08-06,233100000.0,233800000.0,1523500000.0,-860600000.0,662900000.0,-449800000.0,-61500000.0,213100000.0,-81000000.0,-96700000.0,132100000,153900000,23200000.0,177100000,81000000,48900000,TRGP,2020-06-30
