Currency,Fiscal Year,Fiscal Period,Publish Date,Restated Date,Shares (Basic),Shares (Diluted),Revenue,Cost of Revenue,Gross Profit,Operating Expenses,"Selling, General & Administrative",Operating Income (Loss),Non-Operating Income (Loss),"Interest Expense, Net","Pretax Income (Loss), Adj.",Pretax Income (Loss),"Income Tax (Expense) Benefit, Net",Income (Loss) from Continuing Operations,Net Income,Net Income (Common),Ticker,Report_Date
USD,2018,2,2018-08-09,2018-08-09,236900000.0,236900000.0,895800000.0,-603500000.0,292300000.0,-251900000.0,-162300000.0,40400000.0,-68500000.0,-70200000.0,-28100000,-163600000,99900000.0,-63700000,-63700000,-63700000,SSNC,2018-06-30
USD,2018,3,2018-11-07,2018-11-07,239900000.0,252600000.0,992400000.0,-580100000.0,412300000.0,-229800000.0,-144100000.0,182500000.0,-62700000.0,-78100000.0,119800000,117900000,-60900000.0,57000000,57000000,57000000,SSNC,2018-09-30
USD,2018,4,2019-03-01,2019-03-01,246207000.0,267644000.0,1110971000.0,-637920000.0,473051000.0,-255898000.0,-151917000.0,217153000.0,-104584001.0,-97346000.0,112568999,108868999,-50219000.0,58649999,58649999,58649999,SSNC,2018-12-31
USD,2019,1,2019-05-08,2019-05-08,251500000.0,263700000.0,1137200000.0,-661900000.0,475300000.0,-273300000.0,-178500000.0,202000000.0,-98100000.0,-101600000.0,103900000,96800000,-16000000.0,80800000,80800000,80800000,SSNC,2019-03-31
USD,2019,2,2019-08-07,2019-08-07,253300000.0,266200000.0,1148000000.0,-649100000.0,498900000.0,-275400000.0,-181800000.0,223500000.0,-68200000.0,-104300000.0,155300000,155300000,-34200000.0,121100000,121100000,121100000,SSNC,2019-06-30
USD,2019,3,2019-11-07,2019-11-07,253300000.0,262700000.0,1144200000.0,-642700000.0,501500000.0,-273900000.0,-179000000.0,227600000.0,-108900000.0,-98500000.0,118700000,118700000,-23700000.0,95000000,95000000,95000000,SSNC,2019-09-30
USD,2019,4,2020-02-28,2020-02-28,253500000.0,264200000.0,1203500000.0,-658000000.0,545500000.0,-284200000.0,-183800000.0,261300000.0,-100400000.0,-100500000.0,160900000,160900000,-19300000.0,141600000,141600000,141600000,SSNC,2019-12-31
USD,2020,1,2020-05-07,2021-05-05,255300000.0,265600000.0,1173600000.0,-665600000.0,508000000.0,-289200000.0,-184300000.0,218800000.0,-92000000.0,-77400000.0,126800000,124000000,-24800000.0,99200000,99200000,99200000,SSNC,2020-03-31
USD,2020,2,2020-08-05,2020-08-05,257000000.0,265800000.0,1138100000.0,-626800000.0,511300000.0,-270000000.0,-173200000.0,241300000.0,-42500000.0,-60500000.0,198800000,199000000,-29500000.0,169500000,169500000,169500000,SSNC,2020-06-30
