Currency,Fiscal Year,Fiscal Period,Publish Date,Restated Date,Shares (Basic),Shares (Diluted),Revenue,Cost of Revenue,Gross Profit,Operating Expenses,"Selling, General & Administrative",Operating Income (Loss),Non-Operating Income (Loss),"Interest Expense, Net","Pretax Income (Loss), Adj.",Pretax Income (Loss),"Income Tax (Expense) Benefit, Net",Income (Loss) from Continuing Operations,Net Income,Net Income (Common),Ticker,Report_Date
USD,2017,1,2016-12-12,2017-12-11,11880000.0,12152000.0,76495000.0,-46811000.0,29684000.0,-21003000.0,-20468000.0,8681000.0,53000.0,-177000.0,8734000,8734000,-2992000.0,5742000,5742000,5742000,KMG,2016-10-31
USD,2017,2,2017-03-13,2017-03-13,11882000.0,12293000.0,79071000.0,-47869000.0,31202000.0,-22162000.0,-22162000.0,9040000.0,-457000.0,-172000.0,8583000,8583000,-2097000.0,6486000,6486000,6486000,KMG,2017-01-31
USD,2017,3,2017-06-09,2018-06-11,11888000.0,12303000.0,81616000.0,-49106000.0,32510000.0,-23073000.0,-22465000.0,9437000.0,-157000.0,-301000.0,9280000,9210000,-3143000.0,6067000,6067000,6067000,KMG,2017-04-30
USD,2017,4,2017-10-16,2018-10-01,11890000.0,12396000.0,96260000.0,-59518000.0,36742000.0,-26547000.0,-23411000.0,10195000.0,-3977000.0,-4167000.0,6218000,5915000,-577000.0,5338000,5338000,5338000,KMG,2017-07-31
USD,2018,1,2017-12-11,2017-12-11,12410000.0,12727000.0,110664000.0,-64183000.0,46481000.0,-26292000.0,-22781000.0,20189000.0,-8275000.0,-8094000.0,11914000,8479000,-2629000.0,5850000,5850000,5850000,KMG,2017-10-31
USD,2018,2,2018-03-09,2018-03-09,15495000.0,15903000.0,113851000.0,-64597000.0,49254000.0,-27564000.0,-23679000.0,21690000.0,-5682000.0,-5086000.0,16008000,17156000,8181000.0,25337000,25337000,25337000,KMG,2018-01-31
USD,2018,3,2018-06-11,2018-06-11,15505000.0,15905000.0,118647000.0,-68156000.0,50491000.0,-26538000.0,-22671000.0,23953000.0,-4353000.0,-4153000.0,19600000,20688000,-5043000.0,15645000,15645000,15645000,KMG,2018-04-30
USD,2018,4,2018-11-14,2018-11-14,15422000.0,15909000.0,122394000.0,-70959000.0,51435000.0,-29068000.0,-25208000.0,22367000.0,-4282000.0,-4196000.0,18085000,18076000,-67000.0,18009000,18009000,18009000,KMG,2018-07-31
