Currency,Fiscal Year,Fiscal Period,Publish Date,Restated Date,Shares (Basic),Shares (Diluted),Revenue,Cost of Revenue,Gross Profit,Operating Expenses,"Selling, General & Administrative",Operating Income (Loss),Non-Operating Income (Loss),"Interest Expense, Net","Pretax Income (Loss), Adj.",Pretax Income (Loss),"Income Tax (Expense) Benefit, Net",Income (Loss) from Continuing Operations,Net Income,Net Income (Common),Ticker,Report_Date
USD,2017,2,2017-08-09,2018-08-07,12574000.0,13486000.0,556082000.0,-470937000.0,85145000.0,-79741000.0,-79741000.0,5404000.0,-1851000.0,-1986000.0,3553000,3553000,-1187000.0,2366000,2366000,2366000,PCMI,2017-06-30
USD,2017,3,2017-11-09,2018-11-08,12248000.0,12248000.0,543275000.0,-461818000.0,81457000.0,-79951000.0,-79951000.0,1506000.0,-1799000.0,-1950000.0,-293000,-293000,-474000.0,-767000,-767000,-767000,PCMI,2017-09-30
USD,2017,4,2018-04-30,2019-03-14,11898000.0,13190000.0,544770000.0,-465142000.0,79628000.0,-80621000.0,-80621000.0,-993000.0,-2201000.0,-2305000.0,-3194000,-3194000,18000.0,-3176000,-3176000,-3176000,PCMI,2017-12-31
USD,2018,1,2018-05-10,2018-05-10,11846000.0,12153000.0,542832000.0,-459236000.0,83596000.0,-77354000.0,-77354000.0,6242000.0,-2287000.0,-2462000.0,3955000,3955000,-1144000.0,2811000,2811000,2811000,PCMI,2018-03-31
USD,2018,2,2018-08-07,2018-08-07,11912000.0,12259000.0,546430000.0,-456013000.0,90417000.0,-77222000.0,-77222000.0,13195000.0,-2186000.0,-2315000.0,11009000,11009000,-3126000.0,7883000,7883000,7883000,PCMI,2018-06-30
USD,2018,3,2018-11-08,2018-11-08,12050000.0,12795000.0,510580000.0,-425446000.0,85134000.0,-74580000.0,-74580000.0,10554000.0,-2200000.0,-2273000.0,8354000,8354000,-2383000.0,5971000,5971000,5971000,PCMI,2018-09-30
USD,2018,4,2019-04-30,2019-04-30,12164000.0,12541000.0,564118000.0,-479323000.0,84795000.0,-74040000.0,-74040000.0,10755000.0,-2043000.0,-2436000.0,8712000,8712000,-2604000.0,6108000,6108000,6108000,PCMI,2018-12-31
USD,2019,1,2019-05-09,2019-05-09,12218000.0,13177000.0,533989000.0,-450875000.0,83114000.0,-74687000.0,-74687000.0,8427000.0,-2016000.0,-2289000.0,6411000,6411000,-1736000.0,4675000,4675000,4675000,PCMI,2019-03-31
USD,2019,2,2019-08-08,2019-08-08,12289000.0,13242000.0,548326000.0,-457367000.0,90959000.0,-78090000.0,-78090000.0,12869000.0,-1868000.0,-2293000.0,11001000,11001000,-2799000.0,8202000,8202000,8202000,PCMI,2019-06-30
