Currency,Fiscal Year,Fiscal Period,Publish Date,Restated Date,Shares (Basic),Shares (Diluted),Revenue,Cost of Revenue,Gross Profit,Operating Expenses,"Selling, General & Administrative",Operating Income (Loss),Non-Operating Income (Loss),"Interest Expense, Net","Pretax Income (Loss), Adj.",Pretax Income (Loss),"Income Tax (Expense) Benefit, Net",Income (Loss) from Continuing Operations,Net Income,Net Income (Common),Ticker,Report_Date
USD,2018,1,2018-05-10,2018-05-10,26845983.0,26845983.0,10417899.2,-1106865.0,9311034.2,-18646658.0,-5938600.0,-18646658.0,229905.0,233802.0,-18416753,-18416753,-3093.090909090909,-18416753,-18416753,-18416753,STML,2018-03-31
USD,2018,2,2018-08-09,2018-08-09,28567982.0,28567982.0,10417899.2,-1106865.0,9311034.2,-19806680.0,-8622616.0,-19806680.0,377977.0,377977.0,-19428703,-18928703,-3093.090909090909,-18928703,-18928703,-18928703,STML,2018-06-30
USD,2018,3,2018-11-08,2018-11-08,29018507.0,29018507.0,10417899.2,-1106865.0,9311034.2,-21405361.0,-9647336.0,-21405361.0,361365.0,361365.0,-21043996,-21043996,-3093.090909090909,-21043996,-21043996,-21043996,STML,2018-09-30
USD,2018,4,2019-03-15,2019-03-15,29123132.0,29123132.0,10417899.2,-1106865.0,9311034.2,-26927987.0,-14853115.0,-26927987.0,293074.0,296682.0,-26634913,-26634913,0.0,-26634913,-26634913,-26634913,STML,2018-12-31
USD,2019,1,2019-05-10,2019-05-10,37550931.0,37550931.0,5048590.0,-85728.0,4962862.0,-32907790.0,-15953968.0,-27944928.0,533968.0,538584.0,-27410960,-27410960,3694.0,-27407266,-27407266,-27407266,STML,2019-03-31
USD,2019,2,2019-08-06,2019-08-06,40108267.0,40108267.0,13006709.0,-583159.0,12423550.0,-29893902.0,-19002508.0,-17470352.0,610430.0,610692.0,-16859922,-16859922,18500.0,-16841422,-16841422,-16841422,STML,2019-06-30
USD,2019,3,2019-11-12,2019-11-12,43733163.0,43733163.0,13332580.0,-1071673.0,12260907.0,-27745896.0,-15413688.0,-15484989.0,605224.0,604510.0,-14879765,-14879765,-8747.0,-14888512,-14888512,-14888512,STML,2019-09-30
USD,2019,4,2020-03-16,2020-03-16,46971747.0,46971747.0,11828983.0,-3152779.0,8676204.0,-27023456.0,-16476469.0,-18347252.0,706248.0,749781.0,-17641004,-17641004,-39021.0,-17680025,-17680025,-17680025,STML,2019-12-31
USD,2020,1,2020-05-11,2020-05-11,47674613.0,47674613.0,8872634.0,-640986.0,8231648.0,-30084694.0,-18541378.0,-21853046.0,593287.0,608095.0,-21259759,-21259759,-33746.0,-21293505,-21293505,-21293505,STML,2020-03-31
