Currency,Fiscal Year,Fiscal Period,Publish Date,Restated Date,Shares (Basic),Shares (Diluted),Revenue,Cost of Revenue,Gross Profit,Operating Expenses,"Selling, General & Administrative",Operating Income (Loss),Non-Operating Income (Loss),"Interest Expense, Net","Pretax Income (Loss), Adj.",Pretax Income (Loss),"Income Tax (Expense) Benefit, Net",Income (Loss) from Continuing Operations,Net Income,Net Income (Common),Ticker,Report_Date
USD,2018,3,2018-11-09,2018-11-09,26033550.0,26033550.0,16050000.0,-4573000.0,11477000.0,-16318000.0,-14564000.0,-4841000.0,-720000.0,-673000.0,-5561000,-5773000,-485000.0,-6258000,-3484000,-3484000,OXFD,2018-09-30
USD,2018,4,2019-03-28,2019-03-28,26333652.0,27993916.0,-6985000.0,11043000.0,4058000.0,-4370000.0,-5131000.0,-312000.0,602000.0,213000.0,290000,-2908000,38468000.0,35560000,141060000,141060000,OXFD,2018-12-31
USD,2019,1,2019-05-09,2019-05-09,26515871.0,26515871.0,14789000.0,-4228000.0,10561000.0,-13811000.0,-11487000.0,-3250000.0,316000.0,1200000.0,-2934000,-3033000,1537000.0,-1496000,-1496000,-1496000,OXFD,2019-03-31
USD,2019,2,2019-08-06,2019-08-06,26625572.0,26889232.0,19588000.0,-5400000.0,14188000.0,-15065000.0,-12976000.0,-877000.0,1495000.0,1162000.0,618000,514000,76000.0,590000,590000,590000,OXFD,2019-06-30
USD,2019,3,2019-11-05,2020-11-03,26751083.0,26936541.0,21219000.0,-5731000.0,15488000.0,-15366000.0,-12936000.0,122000.0,1447000.0,1064000.0,1569000,1569000,-383000.0,1186000,717000,717000,OXFD,2019-09-30
USD,2019,4,2020-03-06,2020-03-06,26384842.0,25935724.0,18114000.0,-3929000.0,14185000.0,-15193000.0,-13338000.0,-1008000.0,-892000.0,821000.0,-1900000,-2807000,1187000.0,-1620000,-1620000,-1620000,OXFD,2019-12-31
USD,2020,1,2020-05-05,2020-05-05,26140524.0,26140524.0,13911000.0,-3604000.0,10307000.0,-16890000.0,-14233000.0,-6583000.0,1582000.0,619000.0,-5001000,-5001000,-209000.0,-5210000,-6027000,-6027000,OXFD,2020-03-31
USD,2020,2,2020-08-04,2020-08-04,25888006.0,25888006.0,5835000.0,-2170000.0,3665000.0,-13499000.0,-11037000.0,-9834000.0,-6000.0,86000.0,-9840000,-9840000,136000.0,-9704000,-9685000,-9685000,OXFD,2020-06-30
