Currency,Fiscal Year,Fiscal Period,Publish Date,Restated Date,Shares (Basic),Shares (Diluted),Revenue,Cost of Revenue,Gross Profit,Operating Expenses,"Selling, General & Administrative",Operating Income (Loss),Non-Operating Income (Loss),"Interest Expense, Net","Pretax Income (Loss), Adj.",Pretax Income (Loss),"Income Tax (Expense) Benefit, Net",Income (Loss) from Continuing Operations,Net Income,Net Income (Common),Ticker,Report_Date
USD,2018,3,2018-11-14,2018-11-14,418219.0,418219.0,0.0,-1090320.0,0.0,-1203000.0,-654000.0,-1203000.0,-82000.0,-83000.0,-1285000,-2967000,0.0,-2967000,-3247000,-10888000,SINT,2018-09-30
USD,2018,4,2019-03-11,2019-03-11,730397.0,807332.0,-4235000.0,989000.0,-3246000.0,1673000.0,1565000.0,-1573000.0,57000.0,-22000.0,-1516000,-1011000,0.0,-1011000,306000,1390000,SINT,2018-12-31
USD,2019,1,2019-05-16,2019-05-16,725728.0,725728.0,97000.0,-79000.0,18000.0,-1748000.0,-1030000.0,-1730000.0,122000.0,122000.0,-1608000,-1629000,0.0,-1629000,-1629000,-1629000,SINT,2019-03-31
USD,2019,2,2019-08-14,2019-08-14,931859.0,931859.0,167000.0,-133000.0,34000.0,-1556000.0,-720000.0,-1522000.0,161000.0,113000.0,-1361000,-730000,0.0,-730000,-730000,-3088000,SINT,2019-06-30
USD,2019,3,2019-11-13,2019-11-13,2127293.0,2127293.0,173000.0,-151000.0,22000.0,-1722000.0,-853000.0,-1700000.0,110000.0,110000.0,-1590000,-1446000,0.0,-1446000,-1446000,-1791000,SINT,2019-09-30
USD,2019,4,2020-03-26,2020-03-26,2439072.0,2439072.0,252000.0,-188000.0,64000.0,-1706000.0,-735000.0,-1642000.0,101000.0,101000.0,-1541000,-992000,0.0,-992000,-992000,-992000,SINT,2019-12-31
USD,2020,1,2020-05-13,2021-05-13,6020889.0,8035392.0,207000.0,-166000.0,41000.0,-1895000.0,-901000.0,-1854000.0,103000.0,103000.0,-1751000,1169000,0.0,1169000,1169000,-8115000,SINT,2020-03-31
USD,2020,2,2020-08-12,2020-08-12,12120420.0,12120420.0,204000.0,-163000.0,41000.0,-2025000.0,-957000.0,-1984000.0,84000.0,84000.0,-1900000,-4028000,0.0,-4028000,-4028000,-4235000,SINT,2020-06-30
