Currency,Fiscal Year,Fiscal Period,Publish Date,Restated Date,Shares (Basic),Shares (Diluted),Revenue,Cost of Revenue,Gross Profit,Operating Expenses,"Selling, General & Administrative",Operating Income (Loss),Non-Operating Income (Loss),"Interest Expense, Net","Pretax Income (Loss), Adj.",Pretax Income (Loss),"Income Tax (Expense) Benefit, Net",Income (Loss) from Continuing Operations,Net Income,Net Income (Common),Ticker,Report_Date
USD,2017,1,2017-08-09,2018-08-09,16943000.0,17152000.0,242440000.0,-192983000.0,49457000.0,-23623000.0,-23589000.0,25834000.0,-7534000.0,-6335000.0,18300000,18300000,-4158000.0,14142000,14106000,14106000,LABL,2017-06-30
USD,2017,2,2017-11-09,2017-11-09,17015000.0,17177000.0,256034000.0,-204260000.0,51774000.0,-25295000.0,-25200000.0,26479000.0,-3993000.0,-6669000.0,22486000,22486000,-7296000.0,15190000,15190000,15190000,LABL,2017-09-30
USD,2017,3,2018-02-09,2018-02-09,19319000.0,19446000.0,352699000.0,-295397000.0,57302000.0,-42280000.0,-41519000.0,15022000.0,-31326000.0,-21624000.0,-16304000,-16304000,36815000.0,20511000,20532000,20532000,LABL,2017-12-31
USD,2017,4,2018-05-30,2018-05-30,20407000.0,20557000.0,449739000.0,-361672000.0,88067000.0,-39822000.0,-39293000.0,48245000.0,-19025000.0,-19399000.0,29220000,29220000,-7166000.0,22054000,22123000,22123000,LABL,2018-03-31
USD,2018,1,2018-08-09,2018-08-09,20439000.0,20545000.0,456131000.0,-368121000.0,88010000.0,-42795000.0,-42768000.0,45215000.0,-20243000.0,-19199000.0,24972000,24972000,-6880000.0,18092000,18139000,18139000,LABL,2018-06-30
USD,2018,2,2018-11-09,2018-11-09,20464000.0,20552000.0,434913000.0,-348128000.0,86785000.0,-39305000.0,-39191000.0,47480000.0,-20550000.0,-18690000.0,26930000,26930000,-3125000.0,23805000,23755000,23755000,LABL,2018-09-30
USD,2018,3,2019-02-11,2019-02-11,20489000.0,20550000.0,397004000.0,-331623000.0,65381000.0,-36675000.0,-36615000.0,28706000.0,-18464000.0,-18972000.0,10242000,10242000,1233000.0,11475000,11286000,11286000,LABL,2018-12-31
USD,2018,4,2019-05-28,2019-05-28,20480000.0,20225000.0,437506000.0,-355762000.0,81744000.0,-42646000.0,-42136000.0,39098000.0,-18422000.0,-18538000.0,20676000,-78479000,-3560000.0,-82039000,-82221000,-82221000,LABL,2019-03-31
