Currency,Fiscal Year,Fiscal Period,Publish Date,Restated Date,Shares (Basic),Shares (Diluted),Revenue,Cost of Revenue,Gross Profit,Operating Expenses,"Selling, General & Administrative",Operating Income (Loss),Non-Operating Income (Loss),"Interest Expense, Net","Pretax Income (Loss), Adj.",Pretax Income (Loss),"Income Tax (Expense) Benefit, Net",Income (Loss) from Continuing Operations,Net Income,Net Income (Common),Ticker,Report_Date
USD,2018,1,2018-05-31,2018-05-31,66983000.0,68970000.0,1524708000.0,-892682000.0,632026000.0,-518857000.0,-468348000.0,113169000.0,-13170000.0,-14521000.0,99999000,99999000,-17411000.0,82588000,82588000,82588000,BURL,2018-04-30
USD,2018,2,2018-08-30,2018-08-30,66890000.0,68769000.0,1504742000.0,-877553000.0,627189000.0,-536000000.0,-479077000.0,91189000.0,-10559000.0,-14581000.0,80630000,79269000,-8312000.0,70957000,70957000,70957000,BURL,2018-07-31
USD,2018,3,2018-11-28,2018-11-28,66780000.0,68628000.0,1640958000.0,-944427000.0,696531000.0,-591890000.0,-538120000.0,104641000.0,-12124000.0,-14460000.0,92517000,92055000,-15206000.0,76849000,76849000,76849000,BURL,2018-10-31
USD,2018,4,2019-03-20,2019-03-20,66595000.0,68349000.0,1998071000.0,-1155953000.0,842118000.0,-589874000.0,-533192000.0,252244000.0,-9139000.0,-12428000.0,243105000,236261000,-51910000.0,184351000,184351000,184351000,BURL,2019-01-31
USD,2019,1,2019-06-03,2019-06-03,66104000.0,67730000.0,1634194000.0,-960936000.0,673258000.0,-568019000.0,-517378000.0,105239000.0,-11279000.0,-13371000.0,93960000,93960000,-16195000.0,77765000,77765000,77765000,BURL,2019-04-30
USD,2019,2,2019-08-29,2019-08-29,65918000.0,67274000.0,1662022000.0,-970428000.0,691594000.0,-584104000.0,-531843000.0,107490000.0,-11772000.0,-13435000.0,95718000,95718000,-11151000.0,84567000,84567000,84567000,BURL,2019-07-31
USD,2019,3,2019-11-26,2020-11-24,65959000.0,67159000.0,1781583000.0,-1022912000.0,758671000.0,-636370000.0,-583641000.0,122301000.0,-2885000.0,-12149000.0,119416000,119416000,-22957000.0,96459000,96459000,96459000,BURL,2019-10-31
USD,2019,4,2020-03-13,2020-03-13,65791000.0,67009000.0,2208599000.0,-1274089000.0,934510000.0,-650405000.0,-595316000.0,284105000.0,-8359000.0,-11871000.0,275746000,271431000,-65106000.0,206325000,206325000,206325000,BURL,2020-01-31
USD,2020,1,2020-05-29,2021-05-27,65572000.0,65572000.0,801523000.0,-786536000.0,14987000.0,-539379000.0,-485088000.0,-524392000.0,-12569000.0,-14693000.0,-536961000,-539087000,205359000.0,-333728000,-333728000,-333728000,BURL,2020-04-30
