Currency,Fiscal Year,Fiscal Period,Publish Date,Restated Date,Shares (Basic),Shares (Diluted),Revenue,Cost of Revenue,Gross Profit,Operating Expenses,"Selling, General & Administrative",Operating Income (Loss),Non-Operating Income (Loss),"Interest Expense, Net","Pretax Income (Loss), Adj.",Pretax Income (Loss),"Income Tax (Expense) Benefit, Net",Income (Loss) from Continuing Operations,Net Income,Net Income (Common),Ticker,Report_Date
USD,2016,2,2016-05-04,2017-04-28,109600000.0,109600000.0,444300000.0,-243700000.0,200600000.0,-246800000.0,-113700000.0,-46200000.0,-115800000.0,-38000000.0,-162000000,-213700000,1700000.0,-212000000,-212000000,-212000000,MSCC,2016-04-30
USD,2016,3,2016-08-02,2016-08-02,112100000.0,114600000.0,431400000.0,-164500000.0,266900000.0,-210800000.0,-82900000.0,56100000.0,-52100000.0,-46800000.0,4000000,124600000,-9400000.0,115200000,115200000,115200000,MSCC,2016-07-31
USD,2016,4,2016-11-16,2016-11-16,111200000.0,107300000.0,450100000.0,-168400000.0,281700000.0,-215500000.0,-86500000.0,66200000.0,97600000.0,-27100000.0,163800000,35900000,4600000.0,40500000,40500000,40500000,MSCC,2016-10-31
USD,2017,1,2017-01-31,2017-01-31,114000000.0,116300000.0,435500000.0,-159000000.0,276500000.0,-218300000.0,-90500000.0,58200000.0,-27200000.0,-25900000.0,31000000,28600000,-9100000.0,19500000,19500000,19500000,MSCC,2017-01-31
USD,2017,2,2017-04-30,2017-04-30,114700000.0,117000000.0,442900000.0,-158800000.0,284100000.0,-209200000.0,-75800000.0,74900000.0,-26200000.0,-25900000.0,48700000,42900000,-1700000.0,41200000,41200000,41200000,MSCC,2017-04-30
USD,2017,3,2017-07-31,2017-07-31,115000000.0,117200000.0,458100000.0,-165400000.0,292700000.0,-211500000.0,-76800000.0,81200000.0,-58700000.0,-23500000.0,22500000,11300000,2300000.0,13600000,13600000,13600000,MSCC,2017-07-31
USD,2017,4,2017-11-14,2017-11-14,115900000.0,117900000.0,475300000.0,-171100000.0,304200000.0,-225000000.0,-87600000.0,79200000.0,-22100000.0,-22400000.0,57100000,53300000,48700000.0,102000000,102000000,102000000,MSCC,2017-10-31
USD,2018,1,2018-01-31,2018-01-31,116900000.0,118900000.0,468700000.0,-180000000.0,288700000.0,-223700000.0,-84400000.0,65000000.0,-25200000.0,-21700000.0,39800000,34300000,13600000.0,47900000,47900000,47900000,MSCC,2018-01-31
USD,2018,2,2018-04-30,2018-04-30,117400000.0,119600000.0,492200000.0,-201900000.0,290300000.0,-235700000.0,-100800000.0,54600000.0,-23600000.0,-22800000.0,31000000,27900000,-15600000.0,12300000,12300000,12300000,MSCC,2018-04-30
