Currency,Fiscal Year,Fiscal Period,Publish Date,Restated Date,Shares (Basic),Shares (Diluted),Revenue,Cost of Revenue,Gross Profit,Operating Expenses,"Selling, General & Administrative",Operating Income (Loss),Non-Operating Income (Loss),"Interest Expense, Net","Pretax Income (Loss), Adj.",Pretax Income (Loss),"Income Tax (Expense) Benefit, Net",Income (Loss) from Continuing Operations,Net Income,Net Income (Common),Ticker,Report_Date
USD,2018,4,2018-08-20,2018-08-20,24699000.0,25332000.0,1170086000.0,-783326000.0,386760000.0,-306420000.0,-287787000.0,80340000.0,-9267000.0,-9267000.0,71073000,71073000,-19242000.0,51831000,51831000,51831000,CACI,2018-06-30
USD,2019,1,2018-11-02,2018-11-02,24737000.0,25424000.0,1165864000.0,-782760000.0,383104000.0,-283504000.0,-264757000.0,99600000.0,-8886000.0,-8886000.0,90714000,90714000,-11881000.0,78833000,78833000,78833000,CACI,2018-09-30
USD,2019,2,2019-02-01,2019-02-01,24856000.0,25338000.0,1181641000.0,-790849000.0,390792000.0,-288529000.0,-269677000.0,102263000.0,-9421000.0,-9421000.0,92842000,92842000,-24246000.0,68596000,68596000,68596000,CACI,2018-12-31
USD,2019,3,2019-05-02,2019-05-02,24866000.0,25348000.0,1264958000.0,-824024000.0,440934000.0,-346026000.0,-324828000.0,94908000.0,-13466000.0,-13466000.0,81442000,81442000,-13297000.0,68145000,68145000,68145000,CACI,2019-03-31
USD,2019,4,2019-08-21,2019-08-21,24873000.0,25470000.0,1373878000.0,-906420000.0,467458000.0,-386362000.0,-359282000.0,81096000.0,-18185000.0,-18185000.0,62911000,62911000,-12881000.0,50030000,50030000,50030000,CACI,2019-06-30
USD,2020,1,2019-11-01,2019-11-01,24894000.0,25532000.0,1363392000.0,-878881000.0,484511000.0,-384354000.0,-357592000.0,100157000.0,-16811000.0,-16811000.0,83346000,83346000,-15369000.0,67977000,67977000,67977000,CACI,2019-09-30
USD,2020,2,2020-01-30,2021-01-28,25065000.0,25435000.0,1395469000.0,-904867000.0,490602000.0,-380415000.0,-352448000.0,110187000.0,-14714000.0,-14714000.0,95473000,95473000,-16278000.0,79195000,79195000,79195000,CACI,2019-12-31
USD,2020,3,2020-04-30,2021-04-22,25078000.0,25478000.0,1465600000.0,-953630000.0,511970000.0,-398294000.0,-371135000.0,113676000.0,-14087000.0,-14087000.0,99589000,99589000,-19012000.0,80577000,80577000,80577000,CACI,2020-03-31
USD,2020,4,2020-08-14,2020-08-14,25087000.0,25495000.0,1495581000.0,-981678000.0,513903000.0,-380227000.0,-351427000.0,133676000.0,-10447000.0,-10447000.0,123229000,123229000,-29498000.0,93731000,93731000,93731000,CACI,2020-06-30
