Currency,Fiscal Year,Fiscal Period,Publish Date,Restated Date,Shares (Basic),Shares (Diluted),Revenue,Cost of Revenue,Gross Profit,Operating Expenses,"Selling, General & Administrative",Operating Income (Loss),Non-Operating Income (Loss),"Interest Expense, Net","Pretax Income (Loss), Adj.",Pretax Income (Loss),"Income Tax (Expense) Benefit, Net",Income (Loss) from Continuing Operations,Net Income,Net Income (Common),Ticker,Report_Date
USD,2016,4,2017-02-28,2017-02-28,29317000.0,29735000.0,108947000.0,-51600000.0,57347000.0,-44068000.0,-40492000.0,13279000.0,-3000.0,-3000.0,13276000,13276000,-4426000.0,8850000,8850000,8850000,NTRI,2016-12-31
USD,2017,1,2017-05-03,2017-05-03,29558000.0,29985000.0,212677000.0,-98230000.0,114447000.0,-105044000.0,-101267000.0,9403000.0,24000.0,24000.0,9427000,9427000,-1943000.0,7484000,7484000,7484000,NTRI,2017-03-31
USD,2017,2,2017-07-28,2017-07-28,29696000.0,30206000.0,194894000.0,-89097000.0,105797000.0,-70034000.0,-66245000.0,35763000.0,2000.0,2000.0,35765000,35765000,-11330000.0,24435000,24435000,24435000,NTRI,2017-06-30
USD,2017,3,2017-11-01,2017-11-01,29799000.0,30299000.0,158149000.0,-72357000.0,85792000.0,-64448000.0,-60693000.0,21344000.0,48000.0,48000.0,21392000,21392000,-6365000.0,15027000,15027000,15027000,NTRI,2017-09-30
USD,2017,4,2018-02-28,2018-02-28,29771000.0,30274000.0,131237000.0,-61526000.0,69711000.0,-52810000.0,-49049000.0,16901000.0,45000.0,45000.0,16946000,16946000,-6020000.0,10926000,10926000,10926000,NTRI,2017-12-31
USD,2018,1,2018-05-02,2018-05-02,29833000.0,30146000.0,210930000.0,-98651000.0,112279000.0,-110208000.0,-106459000.0,2071000.0,86000.0,86000.0,2157000,2157000,646000.0,2803000,2803000,2803000,NTRI,2018-03-31
USD,2018,2,2018-08-01,2018-08-01,29364000.0,29679000.0,191311000.0,-88371000.0,102940000.0,-69124000.0,-65273000.0,33816000.0,112000.0,112000.0,33928000,33928000,-7792000.0,26136000,26136000,26136000,NTRI,2018-06-30
USD,2018,3,2018-11-01,2018-11-01,29208000.0,29573000.0,159255000.0,-76010000.0,83245000.0,-62973000.0,-59042000.0,20272000.0,314000.0,314000.0,20586000,20586000,-4592000.0,15994000,15994000,15994000,NTRI,2018-09-30
USD,2018,4,2019-02-28,2019-02-28,29179000.0,29602000.0,129543000.0,-62203000.0,67340000.0,-49476000.0,-45132000.0,17864000.0,340000.0,340000.0,18204000,18204000,-4544000.0,13660000,13660000,13660000,NTRI,2018-12-31
