Currency,Fiscal Year,Fiscal Period,Publish Date,Restated Date,Shares (Basic),Shares (Diluted),Revenue,Cost of Revenue,Gross Profit,Operating Expenses,"Selling, General & Administrative",Operating Income (Loss),Non-Operating Income (Loss),"Interest Expense, Net","Pretax Income (Loss), Adj.",Pretax Income (Loss),"Income Tax (Expense) Benefit, Net",Income (Loss) from Continuing Operations,Net Income,Net Income (Common),Ticker,Report_Date
USD,2018,3,2018-11-08,2018-11-08,19707036.0,19707036.0,56386000.0,-38849000.0,17537000.0,-27141000.0,-12961000.0,-9604000.0,578000.0,-188000.0,-9026000,-9026000,5294000.0,-3732000,-3732000,-3732000,AAOI,2018-09-30
USD,2018,4,2019-02-26,2019-02-26,19798549.0,18812687.0,58018000.0,-47481000.0,10537000.0,-22814000.0,-11472000.0,-12277000.0,71000.0,-423000.0,-12206000,-12206000,3638000.0,-8568000,-8568000,-8568000,AAOI,2018-12-31
USD,2019,1,2019-05-09,2019-05-09,19863080.0,19863080.0,52719000.0,-40368000.0,12351000.0,-24220000.0,-13035000.0,-11869000.0,-1079000.0,-924000.0,-12948000,-12948000,2474000.0,-10474000,-10474000,-10474000,AAOI,2019-03-31
USD,2019,2,2019-08-08,2019-08-08,19931745.0,19931745.0,43411000.0,-32873000.0,10538000.0,-24366000.0,-13215000.0,-13828000.0,-729000.0,-1180000.0,-14557000,-14557000,3191000.0,-11366000,-11366000,-11366000,AAOI,2019-06-30
USD,2019,3,2019-11-07,2019-11-07,20022520.0,20022520.0,46084000.0,-34108000.0,11976000.0,-22972000.0,-12506000.0,-10996000.0,276000.0,-1170000.0,-10720000,-10720000,1940000.0,-8780000,-8780000,-8780000,AAOI,2019-09-30
USD,2019,4,2020-02-28,2020-02-28,20112107.0,20112107.0,48658000.0,-37322000.0,11336000.0,-23390000.0,-12793000.0,-12054000.0,-1108000.0,-1206000.0,-13162000,-13162000,-22267000.0,-35429000,-35429000,-35429000,AAOI,2019-12-31
USD,2020,1,2020-05-08,2021-05-06,20208383.0,20208383.0,40467000.0,-34129000.0,6338000.0,-24132000.0,-13574000.0,-17794000.0,-1052000.0,-1308000.0,-18846000,-18846000,2049000.0,-16797000,-16797000,-16797000,AAOI,2020-03-31
USD,2020,2,2020-08-06,2020-08-06,20858450.0,20858450.0,65222000.0,-51486000.0,13736000.0,-24844000.0,-14041000.0,-11108000.0,-468000.0,-1442000.0,-11576000,-11576000,-7024000.0,-18600000,-18600000,-18600000,AAOI,2020-06-30
