Currency,Fiscal Year,Fiscal Period,Publish Date,Restated Date,Shares (Basic),Shares (Diluted),Revenue,Cost of Revenue,Gross Profit,Operating Expenses,"Selling, General & Administrative",Operating Income (Loss),Non-Operating Income (Loss),"Interest Expense, Net","Pretax Income (Loss), Adj.",Pretax Income (Loss),"Income Tax (Expense) Benefit, Net",Income (Loss) from Continuing Operations,Net Income,Net Income (Common),Ticker,Report_Date
USD,2019,2,2019-02-05,2020-02-05,126800000.0,127500000.0,478700000.0,-230600000.0,248100000.0,-115100000.0,-115100000.0,133000000.0,-32700000.0,-34300000.0,100300000,96600000,-24000000.0,72600000,89000000,89000000,CDK,2018-12-31
USD,2019,3,2019-04-30,2020-05-06,124000000.0,124800000.0,501200000.0,-229300000.0,271900000.0,-116300000.0,-116300000.0,155600000.0,-34300000.0,-35400000.0,121300000,120700000,-31400000.0,89300000,99800000,99800000,CDK,2019-03-31
USD,2019,4,2019-08-14,2020-08-06,121600000.0,122900000.0,488600000.0,-236600000.0,252000000.0,-122200000.0,-122200000.0,129800000.0,-34800000.0,-37200000.0,95000000,-19900000,23200000.0,3300000,-155100000,-155100000,CDK,2019-06-30
USD,2020,1,2019-11-06,2020-11-03,121400000.0,122000000.0,494600000.0,-247300000.0,247300000.0,-107900000.0,-107900000.0,139400000.0,-35400000.0,-37700000.0,104000000,104000000,-25600000.0,78400000,82000000,82000000,CDK,2019-09-30
USD,2020,2,2020-02-05,2021-02-09,121600000.0,122100000.0,418200000.0,-193100000.0,225100000.0,-90900000.0,-90900000.0,134200000.0,-33700000.0,-36200000.0,100500000,100500000,-40400000.0,60100000,22300000,22300000,CDK,2019-12-31
USD,2020,3,2020-05-06,2021-05-07,121600000.0,122200000.0,426400000.0,-198800000.0,227600000.0,-81600000.0,-81600000.0,146000000.0,-36900000.0,-35200000.0,109100000,109100000,-31700000.0,77400000,57600000,57600000,CDK,2020-03-31
USD,2020,4,2020-08-06,2020-08-06,121800000.0,122100000.0,620900000.0,-327300000.0,293600000.0,-149500000.0,-149500000.0,144100000.0,-16600000.0,-35200000.0,127500000,110600000,-22700000.0,87900000,45600000,45600000,CDK,2020-06-30
