Currency,Fiscal Year,Fiscal Period,Publish Date,Restated Date,Shares (Basic),Shares (Diluted),Revenue,Cost of Revenue,Gross Profit,Operating Expenses,"Selling, General & Administrative",Operating Income (Loss),Non-Operating Income (Loss),"Interest Expense, Net","Pretax Income (Loss), Adj.",Pretax Income (Loss),"Income Tax (Expense) Benefit, Net",Income (Loss) from Continuing Operations,Net Income,Net Income (Common),Ticker,Report_Date
USD,2016,1,2016-05-25,2017-05-24,14636433.0,14636433.0,16785000.0,-4804000.0,11981000.0,-12991000.0,-6780000.0,-1010000.0,187000.0,-37000.0,-823000,-823000,-120000.0,-943000,-943000,-943000,EXA,2016-04-30
USD,2016,2,2016-08-29,2017-08-28,14784795.0,14784795.0,17112000.0,-4632000.0,12480000.0,-12872000.0,-6849000.0,-392000.0,-47000.0,-28000.0,-439000,-439000,-239000.0,-678000,-678000,-678000,EXA,2016-07-31
USD,2016,3,2016-11-30,2016-11-30,14826758.0,15261996.0,19158000.0,-4904000.0,14254000.0,-13543000.0,-7309000.0,711000.0,-120000.0,-18000.0,591000,591000,-436000.0,155000,155000,155000,EXA,2016-10-31
USD,2016,4,2017-03-22,2017-03-22,14868482.0,14433244.0,19525000.0,-5087000.0,14438000.0,-13351000.0,-7500000.0,1087000.0,63000.0,-13000.0,1150000,1150000,-816000.0,334000,334000,334000,EXA,2017-01-31
USD,2017,1,2017-05-24,2017-05-24,14900193.0,14900193.0,16556000.0,-5186000.0,11370000.0,-13837000.0,-7433000.0,-2467000.0,-216000.0,-2000.0,-2683000,-2683000,133000.0,-2550000,-2550000,-2550000,EXA,2017-04-30
USD,2017,2,2017-08-28,2017-08-28,14952668.0,14952668.0,17453000.0,-5326000.0,12127000.0,-14494000.0,-7694000.0,-2367000.0,-519000.0,6000.0,-2886000,-2886000,251000.0,-2635000,-2635000,-2635000,EXA,2017-07-31
