Currency,Fiscal Year,Fiscal Period,Publish Date,Restated Date,Shares (Basic),Shares (Diluted),Revenue,Cost of Revenue,Gross Profit,Operating Expenses,"Selling, General & Administrative",Operating Income (Loss),Non-Operating Income (Loss),"Interest Expense, Net","Pretax Income (Loss), Adj.",Pretax Income (Loss),"Income Tax (Expense) Benefit, Net",Income (Loss) from Continuing Operations,Net Income,Net Income (Common),Ticker,Report_Date
USD,2018,1,2018-06-11,2018-06-11,24831000.0,24831000.0,206287000.0,-143700000.0,62587000.0,-64296000.0,-64296000.0,-1709000.0,-199000.0,283000.0,-1908000,-1908000,-699000.0,-2607000,-2607000,-2607000,ZUMZ,2018-04-30
USD,2018,2,2018-09-10,2018-09-10,24955000.0,25188000.0,218971000.0,-146436000.0,72535000.0,-65837000.0,-65837000.0,6698000.0,486000.0,238000.0,7184000,7184000,-2807000.0,4377000,4377000,4377000,ZUMZ,2018-07-31
USD,2018,3,2018-12-10,2018-12-10,24974000.0,25261000.0,248795000.0,-161922000.0,86873000.0,-68479000.0,-68479000.0,18394000.0,419000.0,493000.0,18813000,18813000,-4990000.0,13823000,13823000,13823000,ZUMZ,2018-10-31
USD,2018,4,2019-03-18,2019-03-18,24984000.0,25568000.0,304564000.0,-190623000.0,113941000.0,-76246000.0,-76246000.0,37695000.0,546000.0,678000.0,38241000,38241000,-8629000.0,29612000,29612000,29612000,ZUMZ,2019-01-31
USD,2019,1,2019-06-10,2019-06-10,25090000.0,25351000.0,212928000.0,-146464000.0,66464000.0,-65496000.0,-65496000.0,968000.0,1005000.0,852000.0,1973000,1973000,-1180000.0,793000,793000,793000,ZUMZ,2019-04-30
USD,2019,2,2019-09-09,2019-09-09,25199000.0,25402000.0,228425000.0,-151229000.0,77196000.0,-65523000.0,-65523000.0,11673000.0,1357000.0,798000.0,13030000,13030000,-4005000.0,9025000,9025000,9025000,ZUMZ,2019-07-31
USD,2019,3,2019-12-09,2020-12-07,25231000.0,25560000.0,264022000.0,-169446000.0,94576000.0,-70266000.0,-70266000.0,24310000.0,1277000.0,1002000.0,25587000,25587000,-6408000.0,19179000,19179000,19179000,ZUMZ,2019-10-31
USD,2019,4,2020-03-16,2020-03-16,25280000.0,25827000.0,328754000.0,-200427000.0,128327000.0,-79471000.0,-79471000.0,48856000.0,1547000.0,1002000.0,50403000,50403000,-12519000.0,37884000,37884000,37884000,ZUMZ,2020-01-31
USD,2020,1,2020-06-08,2021-06-07,25040000.0,25040000.0,137772000.0,-114036000.0,23736000.0,-51584000.0,-51584000.0,-27848000.0,1180000.0,1074000.0,-26668000,-26668000,5567000.0,-21101000,-21101000,-21101000,ZUMZ,2020-04-30
