Currency,Fiscal Year,Fiscal Period,Publish Date,Restated Date,Shares (Basic),Shares (Diluted),Revenue,Cost of Revenue,Gross Profit,Operating Expenses,"Selling, General & Administrative",Operating Income (Loss),Non-Operating Income (Loss),"Interest Expense, Net","Pretax Income (Loss), Adj.",Pretax Income (Loss),"Income Tax (Expense) Benefit, Net",Income (Loss) from Continuing Operations,Net Income,Net Income (Common),Ticker,Report_Date
USD,2016,1,2016-05-10,2017-05-10,70665394.0,70665394.0,225508000.0,-122918000.0,102590000.0,-63320000.0,-44298000.0,39270000.0,-7402000.0,-7998000.0,31868000,-17494000,7086000.0,-10408000,-10408000,-10408000,IPXL,2016-03-31
USD,2016,2,2016-10-06,2017-08-09,71100123.0,71100123.0,172590000.0,-98061000.0,74529000.0,-65708000.0,-44908000.0,8821000.0,-8351000.0,-8114000.0,470000,-3950000,1249000.0,-2701000,-2701000,-2701000,IPXL,2016-06-30
USD,2016,3,2016-11-09,2017-11-09,71331247.0,71331247.0,227909000.0,-136873000.0,91036000.0,-75153000.0,-55038000.0,15883000.0,-11073000.0,-10867000.0,4810000,-283868000,104531000.0,-179337000,-179337000,-179337000,IPXL,2016-09-30
USD,2016,4,2017-03-01,2018-03-01,71491236.0,71492824.0,198422000.0,-129047000.0,69375000.0,-78115000.0,-57586000.0,-8740000.0,-15180000.0,-13440000.0,-23920000,-271013000,-8572000.0,-279585000,-279585000,-279585000,IPXL,2016-12-31
USD,2017,1,2017-05-10,2018-05-10,71594472.0,71594472.0,184403000.0,-120232000.0,64171000.0,-69544000.0,-47055000.0,-5373000.0,-14511000.0,-13226000.0,-19884000,-67530000,-30901000.0,-98431000,-98431000,-98431000,IPXL,2017-03-31
USD,2017,2,2017-08-09,2017-08-09,71803920.0,71803920.0,202082000.0,-129676000.0,72406000.0,-78462000.0,-51615000.0,-6056000.0,-23208000.0,-13214000.0,-29264000,-20937000,520000.0,-20417000,-20417000,-20417000,IPXL,2017-06-30
USD,2017,3,2017-11-09,2017-11-09,71924592.0,71924592.0,206392000.0,-158736000.0,47656000.0,-69406000.0,-53585000.0,-21750000.0,-12948000.0,-13300000.0,-34698000,-52414000,3045000.0,-49369000,-49369000,-49369000,IPXL,2017-09-30
USD,2017,4,2018-04-13,2018-04-13,72104816.0,72104816.0,182910000.0,-126479000.0,56431000.0,-79705000.0,-64015000.0,-23274000.0,-9624000.0,-13672000.0,-32898000,-310080000,9010000.0,-301070000,-301070000,-301070000,IPXL,2017-12-31
USD,2018,1,2018-05-10,2018-05-10,72265794.0,72265794.0,142355000.0,-112075000.0,30280000.0,-69619000.0,-57323000.0,-39339000.0,-12961000.0,-13692000.0,-52300000,-138222000,7290000.0,-130932000,-130932000,-130932000,IPXL,2018-03-31
