Currency,Fiscal Year,Fiscal Period,Publish Date,Restated Date,Shares (Basic),Shares (Diluted),Revenue,Cost of Revenue,Gross Profit,Operating Expenses,"Selling, General & Administrative",Operating Income (Loss),Non-Operating Income (Loss),"Interest Expense, Net","Pretax Income (Loss), Adj.",Pretax Income (Loss),"Income Tax (Expense) Benefit, Net",Income (Loss) from Continuing Operations,Net Income,Net Income (Common),Ticker,Report_Date
USD,2018,2,2018-07-26,2019-07-25,2895000000.0,2930000000.0,13231000000.0,-2214000000.0,11017000000.0,-5154000000.0,-2631000000.0,5863000000.0,5000000.0,4333333.333333333,5868000000,5868000000,-762000000.0,5106000000,5106000000,5106000000,FB,2018-06-30
USD,2018,3,2018-10-31,2019-10-31,2885000000.0,2913000000.0,13727000000.0,-2418000000.0,11309000000.0,-5528000000.0,-2871000000.0,5781000000.0,131000000.0,4333333.333333333,5912000000,5912000000,-775000000.0,5137000000,5137000000,5137000000,FB,2018-09-30
USD,2018,4,2019-01-31,2021-01-28,2874000000.0,2896000000.0,16914000000.0,-2796000000.0,14118000000.0,-6298000000.0,-3443000000.0,7820000000.0,151000000.0,4333333.333333333,7971000000,7971000000,-1090000000.0,6881000000,6881000000,6881000000,FB,2018-12-31
USD,2019,1,2019-04-25,2020-04-30,2856000000.0,2869000000.0,15077000000.0,-2816000000.0,12261000000.0,-8944000000.0,-6084000000.0,3317000000.0,165000000.0,4333333.333333333,3482000000,3482000000,-1053000000.0,2429000000,2429000000,2429000000,FB,2019-03-31
USD,2019,2,2019-07-25,2020-07-31,2855000000.0,2875000000.0,16886000000.0,-3307000000.0,13579000000.0,-8953000000.0,-5638000000.0,4626000000.0,206000000.0,4333333.333333333,4832000000,4832000000,-2216000000.0,2616000000,2616000000,2616000000,FB,2019-06-30
USD,2019,3,2019-10-31,2019-10-31,2854000000.0,2874000000.0,17652000000.0,-3155000000.0,14497000000.0,-7312000000.0,-3764000000.0,7185000000.0,144000000.0,4333333.333333333,7329000000,7329000000,-1238000000.0,6091000000,6091000000,6091000000,FB,2019-09-30
USD,2019,4,2020-01-30,2021-01-28,2851000000.0,2886000000.0,21082000000.0,-3492000000.0,17590000000.0,-8732000000.0,-4855000000.0,8858000000.0,311000000.0,4333333.333333333,9169000000,9169000000,-1820000000.0,7349000000,7349000000,7349000000,FB,2019-12-31
USD,2020,1,2020-04-30,2021-04-29,2851000000.0,2868000000.0,17737000000.0,-3459000000.0,14278000000.0,-8385000000.0,-4370000000.0,5893000000.0,-32000000.0,4333333.333333333,5861000000,5861000000,-959000000.0,4902000000,4902000000,4902000000,FB,2020-03-31
USD,2020,2,2020-07-31,2020-07-31,2850000000.0,2879000000.0,18687000000.0,-3829000000.0,14858000000.0,-8895000000.0,-4433000000.0,5963000000.0,168000000.0,4333333.333333333,6131000000,6131000000,-953000000.0,5178000000,5178000000,5178000000,FB,2020-06-30
