Currency,Fiscal Year,Fiscal Period,Publish Date,Restated Date,Shares (Basic),Shares (Diluted),Revenue,Cost of Revenue,Gross Profit,Operating Expenses,"Selling, General & Administrative",Operating Income (Loss),Non-Operating Income (Loss),"Interest Expense, Net","Pretax Income (Loss), Adj.",Pretax Income (Loss),"Income Tax (Expense) Benefit, Net",Income (Loss) from Continuing Operations,Net Income,Net Income (Common),Ticker,Report_Date
USD,2018,3,2018-11-07,2018-11-07,793544759.0,793544759.0,2958100000.0,-798800000.0,2159300000.0,-1843300000.0,-475500000.0,316000000.0,-262200000.0,-363600000.0,53800000,-115400000,-281300000.0,-396700000,974100000,974100000,LBTYA,2018-09-30
USD,2018,4,2019-03-27,2019-03-27,751755802.0,751755802.0,1798600000.0,-626700000.0,1171900000.0,-1251400000.0,-2067300000.0,-79500000.0,-141000000.0,-246200000.0,-220500000,113800000,-618700000.0,-504900000,25100000,25100000,LBTYA,2018-12-31
USD,2019,1,2019-05-06,2019-05-06,742090960.0,742090960.0,2868000000.0,-800400000.0,2067600000.0,-1891200000.0,-951600000.0,176400000.0,-293600000.0,-367300000.0,-117200000,-279100000,-27800000.0,-306900000,7000000,7000000,LBTYA,2019-03-31
USD,2019,2,2019-08-08,2019-08-08,735442543.0,735442543.0,2850400000.0,-786300000.0,2064100000.0,-1882200000.0,-960400000.0,181900000.0,-427400000.0,-363600000.0,-245500000,-312800000,-26800000.0,-339600000,53000000,53000000,LBTYA,2019-06-30
USD,2019,3,2019-11-06,2019-11-06,714234500.0,717320622.0,2840900000.0,-801800000.0,2039100000.0,-1794300000.0,-901400000.0,244800000.0,-282400000.0,-340100000.0,-37600000,516400000,70800000.0,587200000,12847900000,12847900000,LBTYA,2019-09-30
USD,2019,4,2020-03-27,2020-03-27,631410181.0,628324059.0,2982200000.0,-850200000.0,2132000000.0,-1833600000.0,-935700000.0,298400000.0,-561400000.0,-314900000.0,-263000000,-1080500000,-269200000.0,-1349700000,-1386500000,-1386500000,LBTYA,2019-12-31
USD,2020,1,2020-05-06,2021-05-05,630472769.0,631778562.0,2875800000.0,-855100000.0,2020700000.0,-1709100000.0,-505500000.0,311600000.0,164200000.0,-313300000.0,475800000,1097800001,-80100000.0,1017700001,949800001,949800001,LBTYA,2020-03-31
USD,2020,2,2020-08-03,2020-08-03,612681648.0,612681648.0,2722900000.0,-715000000.0,2007900000.0,-1448900000.0,-903200000.0,559000000.0,-855600000.0,-281700000.0,-296600000,-661800000,158000000.0,-503800000,-524200000,-524200000,LBTYA,2020-06-30
