Currency,Fiscal Year,Fiscal Period,Publish Date,Restated Date,Shares (Basic),Shares (Diluted),Revenue,Cost of Revenue,Gross Profit,Operating Expenses,"Selling, General & Administrative",Operating Income (Loss),Non-Operating Income (Loss),"Interest Expense, Net","Pretax Income (Loss), Adj.",Pretax Income (Loss),"Income Tax (Expense) Benefit, Net",Income (Loss) from Continuing Operations,Net Income,Net Income (Common),Ticker,Report_Date
USD,2019,1,2019-05-09,2019-05-09,23893000.0,36813000.0,158369000.0,-148462000.0,9907000.0,-9837000.0,-9837000.0,70000.0,-8993000.0,-9633000.0,-8923000,-8923000,44000.0,-8923000,-8923000,-8923000,EVA,2019-03-31
USD,2019,2,2019-08-08,2019-08-08,23893000.0,36813000.0,168079000.0,-151572000.0,16507000.0,-11030000.0,-2241000.0,5477000.0,-9278000.0,-9196000.0,-3801000,-3801000,44000.0,-3801000,-3801000,-3801000,EVA,2019-06-30
USD,2019,3,2019-10-31,2019-10-31,23893000.0,36813000.0,157405000.0,-130939000.0,26466000.0,-7800000.0,-1314000.0,18666000.0,-9814000.0,-9872000.0,8852000,8852000,44000.0,8852000,8852000,8852000,EVA,2019-09-30
USD,2019,4,2020-02-27,2020-02-27,23893000.0,36813000.0,200540000.0,-172352000.0,28188000.0,-7722000.0,6460000.0,20466000.0,-10495000.0,-10643000.0,9971000,929000,44000.0,929000,929000,929000,EVA,2019-12-31
USD,2020,1,2020-04-29,2021-04-29,23893000.0,36813000.0,204477000.0,-177170000.0,27307000.0,-9452000.0,-1763000.0,17855000.0,-10222000.0,-10394000.0,7633000,7633000,44000.0,7633000,7633000,7633000,EVA,2020-03-31
USD,2020,2,2020-08-06,2020-08-06,23893000.0,36813000.0,167712000.0,-140033000.0,27679000.0,-9043000.0,-2096000.0,18636000.0,-10165000.0,-10124000.0,8471000,8471000,44000.0,8471000,8471000,8471000,EVA,2020-06-30
