Currency,Fiscal Year,Fiscal Period,Publish Date,Restated Date,Shares (Basic),Shares (Diluted),Revenue,Cost of Revenue,Gross Profit,Operating Expenses,"Selling, General & Administrative",Operating Income (Loss),Non-Operating Income (Loss),"Interest Expense, Net","Pretax Income (Loss), Adj.",Pretax Income (Loss),"Income Tax (Expense) Benefit, Net",Income (Loss) from Continuing Operations,Net Income,Net Income (Common),Ticker,Report_Date
USD,2018,1,2018-06-12,2019-06-13,21545025.0,25230228.0,557406000.0,-348073000.0,209333000.0,-161186000.0,-161186000.0,48147000.0,-15098000.0,-15098000.0,33049000,33049000,-7588000.0,25461000,25461000,25461000,RH,2018-05-31
USD,2018,2,2018-09-05,2019-09-11,21925702.0,27496561.0,640798000.0,-372454000.0,268344000.0,-186521000.0,-186521000.0,81823000.0,-15467000.0,-15467000.0,66356000,65439000,-2533000.0,62906000,62906000,62906000,RH,2018-08-31
USD,2018,3,2018-12-04,2018-12-04,22082141.0,27703319.0,636558000.0,-382047000.0,254511000.0,-207495000.0,-207495000.0,47016000.0,-19371000.0,-19371000.0,27645000,27645000,-5234000.0,22411000,22411000,22411000,RH,2018-11-30
USD,2018,4,2019-03-29,2021-03-30,20901844.0,25702792.0,670891000.0,-417502000.0,253389000.0,-168639000.0,-168639000.0,84750000.0,-17833000.0,-17833000.0,66917000,34831000,-9878000.0,24953000,24953000,24953000,RH,2019-02-28
USD,2019,1,2019-06-13,2019-06-13,19976858.0,24933987.0,598421000.0,-365607000.0,232814000.0,-164181000.0,-164181000.0,68633000.0,-21118000.0,-21118000.0,47515000,47515000,-11793000.0,35722000,35722000,35722000,RH,2019-05-31
USD,2019,2,2019-09-11,2019-09-11,18465876.0,22324112.0,706514000.0,-411556000.0,294958000.0,-190977000.0,-190977000.0,103981000.0,-24513000.0,-24513000.0,79468000,80422000,-16665000.0,63757000,63757000,63757000,RH,2019-08-31
USD,2019,3,2019-12-05,2020-12-10,18765769.0,24170172.0,677526000.0,-393360000.0,284166000.0,-194929000.0,-194929000.0,89237000.0,-21564000.0,-21564000.0,67673000,60816000,-8353000.0,52463000,52463000,52463000,RH,2019-11-30
USD,2019,4,2020-03-30,2020-03-30,19120709.0,25767865.0,664976000.0,-381903000.0,283073000.0,-182093000.0,-182093000.0,100980000.0,-19982000.0,-19982000.0,80998000,80429000,-11996000.0,68433000,68433000,68433000,RH,2020-02-29
USD,2020,1,2020-06-05,2020-06-05,19242641.0,19242641.0,482895000.0,-283241000.0,199654000.0,-164201000.0,-164201000.0,35453000.0,-19629000.0,-19629000.0,15824000,-4635000,1423000.0,-3212000,-3212000,-3212000,RH,2020-05-31
