Currency,Fiscal Year,Fiscal Period,Publish Date,Restated Date,Shares (Basic),Shares (Diluted),Revenue,Cost of Revenue,Gross Profit,Operating Expenses,"Selling, General & Administrative",Operating Income (Loss),Non-Operating Income (Loss),"Interest Expense, Net","Pretax Income (Loss), Adj.",Pretax Income (Loss),"Income Tax (Expense) Benefit, Net",Income (Loss) from Continuing Operations,Net Income,Net Income (Common),Ticker,Report_Date
USD,2018,3,2018-10-24,2019-10-23,110000000.0,110900000.0,1818000000.0,-1370000000.0,448000000.0,-193000000.0,-159000000.0,255000000.0,-27000000.0,-31000000.0,228000000,228000000,-67000000.0,162000000,161000000,161000000,OC,2018-09-30
USD,2018,4,2019-02-20,2021-02-17,109200000.0,110000000.0,1724000000.0,-1313000000.0,411000000.0,-189000000.0,-169000000.0,222000000.0,-22000000.0,-25000000.0,200000000,200000000,-29000000.0,171000000,171000000,171000000,OC,2018-12-31
USD,2019,1,2019-04-24,2019-04-24,109500000.0,110100000.0,1667000000.0,-1342000000.0,325000000.0,-209000000.0,-182000000.0,116000000.0,-34000000.0,-36000000.0,82000000,82000000,-39000000.0,44000000,44000000,44000000,OC,2019-03-31
USD,2019,2,2019-07-24,2019-07-24,109000000.0,109500000.0,1918000000.0,-1478000000.0,440000000.0,-213000000.0,-181000000.0,227000000.0,-29000000.0,-32000000.0,198000000,198000000,-59000000.0,138000000,138000000,138000000,OC,2019-06-30
USD,2019,3,2019-10-23,2020-10-28,109200000.0,110000000.0,1883000000.0,-1422000000.0,461000000.0,-186000000.0,-164000000.0,275000000.0,-31000000.0,-33000000.0,244000000,212000000,-61000000.0,151000000,150000000,150000000,OC,2019-09-30
USD,2019,4,2020-02-19,2021-02-17,109100000.0,110800000.0,1692000000.0,-1309000000.0,383000000.0,-214000000.0,-171000000.0,169000000.0,-71000000.0,-30000000.0,98000000,98000000,-27000000.0,72000000,73000000,73000000,OC,2019-12-31
USD,2020,1,2020-04-29,2021-04-28,108800000.0,108800000.0,1601000000.0,-1295000000.0,306000000.0,-232000000.0,-179000000.0,74000000.0,-23000000.0,-27000000.0,51000000,-893000000,-24000000.0,-916000000,-917000000,-917000000,OC,2020-03-31
USD,2020,2,2020-07-29,2020-07-29,108600000.0,108900000.0,1625000000.0,-1282000000.0,343000000.0,-175000000.0,-151000000.0,168000000.0,-33000000.0,-36000000.0,135000000,135000000,-39000000.0,95000000,96000000,96000000,OC,2020-06-30
