Currency,Fiscal Year,Fiscal Period,Publish Date,Restated Date,Shares (Basic),Shares (Diluted),Revenue,Cost of Revenue,Gross Profit,Operating Expenses,"Selling, General & Administrative",Operating Income (Loss),Non-Operating Income (Loss),"Interest Expense, Net","Pretax Income (Loss), Adj.",Pretax Income (Loss),"Income Tax (Expense) Benefit, Net",Income (Loss) from Continuing Operations,Net Income,Net Income (Common),Ticker,Report_Date
USD,2018,2,2018-08-09,2018-08-09,100563000.0,100563000.0,3913000.0,-1226000.0,2687000.0,-28964000.0,-11039000.0,-26277000.0,-45003000.0,-45003000.0,-71280000,-74081000,1377000.0,-74809000,-73864000,-73864000,SRNE,2018-06-30
USD,2018,3,2018-11-09,2018-11-09,117021000.0,117021000.0,4105000.0,-2177000.0,1928000.0,-49147000.0,-20102000.0,-47219000.0,-2465000.0,-2465000.0,-49684000,-50380000,826000.0,-50454000,-47328000,-47328000,SRNE,2018-09-30
USD,2018,4,2019-03-15,2019-03-15,122075000.0,122075000.0,6929000.0,-2346000.0,4583000.0,-37897000.0,-22536000.0,-33314000.0,-8194000.0,-8194000.0,-41508000,-55746000,3123000.0,-53715000,-49774000,-49774000,SRNE,2018-12-31
USD,2019,1,2019-05-15,2019-05-15,122281000.0,122281000.0,6143000.0,-2308000.0,3835000.0,-50706000.0,-25122000.0,-46871000.0,-8546000.0,-8546000.0,-55417000,-145810000,178000.0,-146529000,-108071000,-108071000,SRNE,2019-03-31
USD,2019,2,2019-08-09,2019-08-09,122549000.0,132459000.0,6477000.0,-3281000.0,3196000.0,-52531000.0,-27772000.0,-49335000.0,-9215000.0,-9215000.0,-58550000,-70654000,383000.0,-71845000,-56762000,-56762000,SRNE,2019-06-30
USD,2019,3,2019-11-12,2019-11-12,130800000.0,140445000.0,5778000.0,-2839000.0,2939000.0,-52807000.0,-25234000.0,-49868000.0,-9277000.0,-9277000.0,-59145000,-74002000,221000.0,-75212000,-64415000,-64415000,SRNE,2019-09-30
USD,2019,4,2020-03-03,2020-03-03,155298000.0,166871000.0,13034000.0,-3809000.0,9225000.0,-54392000.0,-25429000.0,-45167000.0,-8213000.0,-8010000.0,-53380000,-69110000,-309000.0,-69426000,-62820000,-62820000,SRNE,2019-12-31
USD,2020,1,2020-05-11,2021-05-05,182609000.0,182609000.0,7721000.0,-2439000.0,5282000.0,-48445000.0,-26299000.0,-43163000.0,-7012000.0,-6806000.0,-50175000,-69456000,276000.0,-69180000,-65195000,-65195000,SRNE,2020-03-31
USD,2020,2,2020-08-04,2020-08-04,216956000.0,216956000.0,9007000.0,-2249000.0,6758000.0,-48613000.0,-24463000.0,-41855000.0,-8295000.0,-8295000.0,-50150000,-82213000,1919000.0,-84993000,-77740000,-77740000,SRNE,2020-06-30
