Currency,Fiscal Year,Fiscal Period,Publish Date,Restated Date,Shares (Basic),Shares (Diluted),Revenue,Cost of Revenue,Gross Profit,Operating Expenses,"Selling, General & Administrative",Operating Income (Loss),Non-Operating Income (Loss),"Interest Expense, Net","Pretax Income (Loss), Adj.",Pretax Income (Loss),"Income Tax (Expense) Benefit, Net",Income (Loss) from Continuing Operations,Net Income,Net Income (Common),Ticker,Report_Date
USD,2016,2,2016-08-04,2017-08-09,154600000.0,154800000.0,670800000.0,-159700000.0,511100000.0,-323800000.0,-180400000.0,187300000.0,-133900000.0,-132900000.0,53400000,48400000,-17100000.0,32000000,32000000,31600000,GXP,2016-06-30
USD,2016,3,2016-11-03,2017-11-01,154600000.0,154900000.0,856800000.0,-207900000.0,648900000.0,-352600000.0,-193300000.0,296300000.0,-66300000.0,-67600000.0,230000000,215600000,-82700000.0,133600000,133600000,132700000,GXP,2016-09-30
USD,2016,4,2017-02-23,2018-02-21,214000000.0,214500000.0,576300000.0,-148200000.0,428100000.0,-348500000.0,-206400000.0,79600000.0,94000000.0,90200000.0,173600000,158800000,-60700000.0,98000000,98000000,83200000,GXP,2016-12-31
USD,2017,1,2017-05-04,2018-05-02,215300000.0,215300000.0,570700000.0,-149600000.0,421100000.0,-322600000.0,-174100000.0,98500000.0,-75400000.0,-66600000.0,23100000,-16300000,5800000.0,-9600000,-9600000,-24700000,GXP,2017-03-31
USD,2017,2,2017-08-09,2017-08-09,215500000.0,215500000.0,682600000.0,-185700000.0,496900000.0,-333000000.0,-181700000.0,163900000.0,-136300000.0,-145300000.0,27600000,-16900000,9300000.0,-7000000,-7000000,-22100000,GXP,2017-06-30
USD,2017,3,2017-11-01,2017-11-01,215600000.0,215700000.0,857200000.0,-209100000.0,648100000.0,-344600000.0,-187900000.0,303500000.0,-43100000.0,-30900000.0,260400000,112300000,-102300000.0,10500000,10500000,3400000,GXP,2017-09-30
USD,2017,4,2018-04-26,2018-05-02,215600000.0,215500000.0,597700000.0,-169900000.0,427800000.0,-358300000.0,-210500000.0,69500000.0,-16600000.0,-47900000.0,52900000,45500000,-146100000.0,-100100000,-100100000,-100100000,GXP,2017-12-31
USD,2018,1,2018-05-02,2018-05-02,215700000.0,216000000.0,583900000.0,-179700000.0,404200000.0,-315000000.0,-180200000.0,89200000.0,-46800000.0,-48100000.0,42400000,39500000,-5500000.0,35000000,35000000,35000000,GXP,2018-03-31
