Currency,Fiscal Year,Fiscal Period,Publish Date,Restated Date,Shares (Basic),Shares (Diluted),Revenue,Cost of Revenue,Gross Profit,Operating Expenses,"Selling, General & Administrative",Operating Income (Loss),Non-Operating Income (Loss),"Interest Expense, Net","Pretax Income (Loss), Adj.",Pretax Income (Loss),"Income Tax (Expense) Benefit, Net",Income (Loss) from Continuing Operations,Net Income,Net Income (Common),Ticker,Report_Date
USD,2015,2,2015-07-29,2016-07-27,26158000.0,26275000.0,676657000.0,-456057000.0,220600000.0,-151521000.0,-28173000.0,69079000.0,-1604000.0,-417000.0,67475000,66808000,-24879000.0,41929000,41929000,41929000,PNRA,2015-06-30
USD,2015,3,2015-10-28,2016-10-26,25394000.0,25501000.0,664654000.0,-453914000.0,210740000.0,-156464000.0,-37575000.0,54276000.0,-1308000.0,-1363000.0,52968000,50794000,-18401000.0,32393000,32393000,32393000,PNRA,2015-09-30
USD,2015,4,2016-02-18,2017-02-22,24710000.0,24807000.0,691765000.0,-456565000.0,235200000.0,-159941000.0,-39389000.0,75259000.0,-1808000.0,-1564000.0,73451000,68075000,-24932000.0,43143000,43160000,43160000,PNRA,2015-12-31
USD,2016,1,2016-04-27,2017-04-26,24105000.0,24214000.0,685153000.0,-452385000.0,232768000.0,-175066000.0,-48182000.0,57702000.0,-1488000.0,-1739000.0,56214000,55143000,-20145000.0,34998000,35088000,35088000,PNRA,2016-03-31
USD,2016,2,2016-07-27,2016-07-27,23569000.0,23702000.0,698900000.0,-462301000.0,236599000.0,-168496000.0,-38937000.0,68103000.0,-1905000.0,-1791000.0,66198000,58326000,-23770000.0,34556000,34501000,34501000,PNRA,2016-06-30
USD,2016,3,2016-10-26,2016-10-26,23276000.0,23391000.0,684206000.0,-456893000.0,227313000.0,-174963000.0,-43538000.0,52350000.0,-2940000.0,-2529000.0,49410000,49281000,-17371000.0,31910000,31975000,31975000,PNRA,2016-09-30
USD,2016,4,2017-04-25,2017-04-25,22826000.0,22953000.0,727106000.0,-474212000.0,252894000.0,-182214000.0,-49219000.0,70680000.0,-3931000.0,-2825000.0,66749000,66749000,-22972000.0,43777000,44010000,44010000,PNRA,2016-12-31
USD,2017,1,2017-04-26,2017-04-26,22488000.0,22624000.0,727633000.0,-480065000.0,247568000.0,-176062000.0,-49241000.0,71506000.0,-5899000.0,-3117000.0,65607000,65607000,-23439000.0,42168000,42494000,42494000,PNRA,2017-03-31
