Currency,Fiscal Year,Fiscal Period,Publish Date,Restated Date,Shares (Basic),Shares (Diluted),Revenue,Cost of Revenue,Gross Profit,Operating Expenses,"Selling, General & Administrative",Operating Income (Loss),Non-Operating Income (Loss),"Interest Expense, Net","Pretax Income (Loss), Adj.",Pretax Income (Loss),"Income Tax (Expense) Benefit, Net",Income (Loss) from Continuing Operations,Net Income,Net Income (Common),Ticker,Report_Date
USD,2018,4,2019-03-06,2019-03-06,40236253.0,40236253.0,23509000.0,-10509000.0,13000000.0,-16432000.0,-12650000.0,-3432000.0,2539000.0,-174000.0,-893000,-4094000,339000.0,-3755000,-3755000,-3755000,CDNA,2018-12-31
USD,2019,1,2019-05-08,2019-05-08,41611399.0,41611399.0,25982000.0,-9733000.0,16249000.0,-21645000.0,-16031000.0,-5396000.0,268000.0,342000.0,-5128000,-8137000,606000.0,-7531000,-7531000,-7531000,CDNA,2019-03-31
USD,2019,2,2019-08-01,2019-08-01,42132396.0,42132396.0,31454000.0,-11512000.0,19942000.0,-26786000.0,-19156000.0,-6844000.0,128000.0,300000.0,-6716000,-8067000,220000.0,-7847000,-7847000,-7847000,CDNA,2019-06-30
USD,2019,3,2019-10-31,2019-10-31,42393550.0,42393550.0,33811000.0,-11494000.0,22317000.0,-29064000.0,-20543000.0,-6747000.0,-361000.0,37000.0,-7108000,-2762000,949000.0,-1813000,-1813000,-1813000,CDNA,2019-09-30
USD,2019,4,2020-02-28,2020-02-28,42469123.0,42469123.0,35821000.0,-12716000.0,23105000.0,-28650000.0,-19704000.0,-5545000.0,231000.0,306000.0,-5314000,-4981000,204000.0,-4777000,-4777000,-4777000,CDNA,2019-12-31
USD,2020,1,2020-04-30,2021-05-05,42823427.0,42823427.0,38380000.0,-12392000.0,25988000.0,-31739000.0,-21726000.0,-5751000.0,33000.0,96000.0,-5718000,-6123000,300000.0,-5823000,-5823000,-5823000,CDNA,2020-03-31
USD,2020,2,2020-08-04,2020-08-04,44708037.0,44708037.0,41801000.0,-15025000.0,26776000.0,-37579000.0,-24450000.0,-10803000.0,-234000.0,21000.0,-11037000,-6888000,330000.0,-6558000,-6558000,-6558000,CDNA,2020-06-30
