Currency,Fiscal Year,Fiscal Period,Publish Date,Restated Date,Shares (Basic),Shares (Diluted),Revenue,Cost of Revenue,Gross Profit,Operating Expenses,"Selling, General & Administrative",Operating Income (Loss),Non-Operating Income (Loss),"Interest Expense, Net","Pretax Income (Loss), Adj.",Pretax Income (Loss),"Income Tax (Expense) Benefit, Net",Income (Loss) from Continuing Operations,Net Income,Net Income (Common),Ticker,Report_Date
USD,2015,3,2015-11-03,2016-10-31,69893000.0,72526000.0,1151204000.0,-979240000.0,171964000.0,-85133000.0,-54100000.0,86831000.0,-17153000.0,-20696000.0,69678000,69701000,-17325000.0,52376000,41936000,41936000,ALJ,2015-09-30
USD,2015,4,2016-02-26,2017-02-27,70026000.0,66687000.0,782367000.0,-700220000.0,82147000.0,-83538000.0,-51306000.0,-1391000.0,-17666000.0,-19876000.0,-19057000,-56766000,4860000.0,-51906000,-52534000,-52534000,ALJ,2015-12-31
USD,2016,1,2016-05-09,2017-05-09,70143000.0,70143000.0,849973000.0,-803761000.0,46212000.0,-83563000.0,-48701000.0,-37351000.0,-17857000.0,-18307000.0,-55208000,-57296000,21236000.0,-36060000,-35537000,-35537000,ALJ,2016-03-31
USD,2016,2,2016-08-02,2016-08-02,70493000.0,70493000.0,1008388000.0,-934576000.0,73812000.0,-88629000.0,-51644000.0,-14817000.0,-14348000.0,-18799000.0,-29165000,-29159000,8529000.0,-20630000,-20370000,-20370000,ALJ,2016-06-30
USD,2016,3,2016-10-31,2016-10-31,71089000.0,71089000.0,1043717000.0,-963995000.0,79722000.0,-83658000.0,-46780000.0,-3936000.0,-9565000.0,-16027000.0,-13501000,-12979000,5641000.0,-7338000,-8800000,-8800000,ALJ,2016-09-30
USD,2016,4,2017-05-01,2017-05-01,71231000.0,71231000.0,1011326000.0,-937177000.0,74149000.0,-83805000.0,-46953000.0,-9656000.0,-17442000.0,-16584000.0,-27098000,-27188000,11383000.0,-15805000,-18098000,-18098000,ALJ,2016-12-31
USD,2017,1,2017-05-09,2017-05-09,71490000.0,71577000.0,1150593000.0,-1037116000.0,113477000.0,-85772000.0,-49225000.0,27705000.0,-15339000.0,-15117000.0,12366000,12842000,-2568000.0,10274000,7327000,7327000,ALJ,2017-03-31
