Currency,Fiscal Year,Fiscal Period,Publish Date,Restated Date,Shares (Basic),Shares (Diluted),Revenue,Cost of Revenue,Gross Profit,Operating Expenses,"Selling, General & Administrative",Operating Income (Loss),Non-Operating Income (Loss),"Interest Expense, Net","Pretax Income (Loss), Adj.",Pretax Income (Loss),"Income Tax (Expense) Benefit, Net",Income (Loss) from Continuing Operations,Net Income,Net Income (Common),Ticker,Report_Date
USD,2018,4,2018-11-20,2020-11-16,924900000.0,930300000.0,6183000000.0,-4126000000.0,2057000000.0,-1392000000.0,-1392000000.0,665000000.0,-49000000.0,-97000000.0,616000000,515000000,117000000.0,632000000,771000000,771000000,JCI,2018-09-30
USD,2019,1,2019-02-01,2020-01-31,921600000.0,925200000.0,5464000000.0,-3739000000.0,1725000000.0,-1438000000.0,-1438000000.0,287000000.0,-43000000.0,-85000000.0,244000000,244000000,-108000000.0,136000000,355000000,355000000,JCI,2018-12-31
USD,2019,2,2019-05-03,2020-05-01,902500000.0,905900000.0,5779000000.0,-3935000000.0,1844000000.0,-1458000000.0,-1458000000.0,386000000.0,-65000000.0,-98000000.0,321000000,321000000,-47000000.0,274000000,515000000,515000000,JCI,2019-03-31
USD,2019,3,2019-08-01,2020-07-31,870900000.0,875200000.0,6451000000.0,-4307000000.0,2144000000.0,-1388000000.0,-1388000000.0,756000000.0,-57000000.0,-119000000.0,699000000,464000000,-239000000.0,225000000,4192000000,4192000000,JCI,2019-06-30
USD,2019,4,2019-11-21,2020-11-16,785800000.0,790900000.0,6274000000.0,-4294000000.0,1980000000.0,-1960000000.0,-1960000000.0,20000000.0,7000000.0,-48000000.0,27000000,27000000,627000000.0,654000000,612000000,612000000,JCI,2019-09-30
USD,2020,1,2020-01-31,2021-01-29,769900000.0,774000000.0,5576000000.0,-3773000000.0,1803000000.0,-1427000000.0,-1427000000.0,376000000.0,-9000000.0,-52000000.0,367000000,256000000,-65000000.0,191000000,159000000,159000000,JCI,2019-12-31
USD,2020,2,2020-05-01,2021-04-30,754800000.0,757100000.0,5444000000.0,-3643000000.0,1801000000.0,-1451000000.0,-1451000000.0,350000000.0,-39000000.0,-59000000.0,311000000,249000000,-13000000.0,236000000,213000000,213000000,JCI,2020-03-31
USD,2020,3,2020-07-31,2020-07-31,744000000.0,744000000.0,5343000000.0,-3511000000.0,1832000000.0,-1334000000.0,-1334000000.0,498000000.0,-11000000.0,-58000000.0,487000000,-123000000,1000000.0,-122000000,-182000000,-182000000,JCI,2020-06-30
