Currency,Fiscal Year,Fiscal Period,Publish Date,Restated Date,Shares (Basic),Shares (Diluted),Revenue,Cost of Revenue,Gross Profit,Operating Expenses,"Selling, General & Administrative",Operating Income (Loss),Non-Operating Income (Loss),"Interest Expense, Net","Pretax Income (Loss), Adj.",Pretax Income (Loss),"Income Tax (Expense) Benefit, Net",Income (Loss) from Continuing Operations,Net Income,Net Income (Common),Ticker,Report_Date
USD,2018,4,2019-02-28,2019-02-28,68207961.0,68207961.0,44851210.526315786,-5678666.666666667,43057947.368421055,-60502000.0,-33840000.0,-60502000.0,-2094000.0,-2434000.0,-62596000,-62596000,-1033800.0,-62596000,-62596000,-62596000,CHRS,2018-12-31
USD,2019,1,2019-05-09,2019-05-09,69140697.0,69140697.0,37098000.0,-2225000.0,34873000.0,-51472000.0,-32683000.0,-16599000.0,-3405000.0,-4216000.0,-20004000,-20004000,-1033800.0,-20004000,-20004000,-20004000,CHRS,2019-03-31
USD,2019,2,2019-08-05,2019-08-05,69479016.0,72963972.0,83433000.0,-601000.0,82832000.0,-55339000.0,-36456000.0,27493000.0,-3875000.0,-4433000.0,23618000,23618000,-51000.0,23567000,23567000,23567000,CHRS,2019-06-30
USD,2019,3,2019-11-08,2019-11-08,69877693.0,78530227.0,111684000.0,-6447000.0,105237000.0,-53396000.0,-31828000.0,51841000.0,-3951000.0,-4469000.0,47890000,47890000,-847000.0,47043000,47043000,47043000,CHRS,2019-09-30
USD,2019,4,2020-02-27,2020-02-27,70222258.0,72108876.0,123856000.0,-7805000.0,116051000.0,-71018000.0,-36070000.0,45033000.0,-3762000.0,-4483000.0,41271000,41271000,-2044000.0,39227000,39227000,39227000,CHRS,2019-12-31
USD,2020,1,2020-05-07,2021-05-06,70662185.0,74416554.0,116180000.0,-6855000.0,109325000.0,-68457000.0,-35350000.0,40868000.0,-4363000.0,-4431000.0,36505000,36505000,-933000.0,35572000,35572000,35572000,CHRS,2020-03-31
USD,2020,2,2020-08-06,2020-08-06,71099773.0,88660280.0,135674000.0,-10139000.0,125535000.0,-60225000.0,-34052000.0,65310000.0,-4985000.0,-5408000.0,60325000,60325000,-1294000.0,59031000,59031000,59031000,CHRS,2020-06-30
