Currency,Fiscal Year,Fiscal Period,Publish Date,Restated Date,Shares (Basic),Shares (Diluted),Revenue,Cost of Revenue,Gross Profit,Operating Expenses,"Selling, General & Administrative",Operating Income (Loss),Non-Operating Income (Loss),"Interest Expense, Net","Pretax Income (Loss), Adj.",Pretax Income (Loss),"Income Tax (Expense) Benefit, Net",Income (Loss) from Continuing Operations,Net Income,Net Income (Common),Ticker,Report_Date
USD,2016,1,2016-04-29,2017-05-01,56932000.0,56932000.0,101882000.0,-33866000.0,68016000.0,-71380000.0,-20925000.0,-3364000.0,-194000.0,-208000.0,-3558000,-3558000,-275000.0,-3833000,-3833000,-3833000,CAVM,2016-03-31
USD,2016,2,2016-08-08,2017-08-04,57527000.0,57527000.0,107158000.0,-35499000.0,71659000.0,-78460000.0,-25882000.0,-6801000.0,-336000.0,-185000.0,-7137000,-7137000,-273000.0,-7410000,-7410000,-7410000,CAVM,2016-06-30
USD,2016,3,2016-11-07,2017-11-07,62055000.0,62055000.0,168123000.0,-120709000.0,47414000.0,-141656000.0,-73904000.0,-94242000.0,-4214000.0,-4268000.0,-98456000,-98456000,84090000.0,-14366000,-14366000,-14366000,CAVM,2016-09-30
USD,2016,4,2017-02-28,2017-02-28,67018000.0,67018000.0,226151000.0,-127926000.0,98225000.0,-127371000.0,-40340000.0,-29146000.0,-7915000.0,-8073000.0,-37061000,-37061000,-84539000.0,-121600000,-121600000,-121600000,CAVM,2016-12-31
USD,2017,1,2017-05-01,2017-05-01,67640000.0,67640000.0,229577000.0,-137454000.0,92123000.0,-131110000.0,-40397000.0,-38987000.0,-10257000.0,-10124000.0,-49244000,-49244000,-1279000.0,-50523000,-50523000,-50523000,CAVM,2017-03-31
USD,2017,2,2017-08-04,2017-08-04,68199000.0,68199000.0,242093000.0,-112604000.0,129489000.0,-135549000.0,-40791000.0,-6060000.0,-6061000.0,-6062000.0,-12121000,-12121000,1049000.0,-11072000,-11072000,-11072000,CAVM,2017-06-30
USD,2017,3,2017-11-07,2017-11-07,68675000.0,68675000.0,251987000.0,-114455000.0,137532000.0,-137044000.0,-43184000.0,488000.0,-6216000.0,-6493000.0,-5728000,-5728000,-486000.0,-6214000,-6214000,-6214000,CAVM,2017-09-30
USD,2017,4,2018-03-01,2018-03-01,69062000.0,69062000.0,260361000.0,-119921000.0,140440000.0,-152573000.0,-53963000.0,-12133000.0,-6393000.0,-6468000.0,-18526000,-18526000,17476000.0,-1050000,-1050000,-1050000,CAVM,2017-12-31
USD,2018,1,2018-05-02,2018-05-02,69650000.0,69650000.0,230761000.0,-113080000.0,117681000.0,-154240000.0,-43621000.0,-36559000.0,-6799000.0,-6733000.0,-43358000,-43358000,1371000.0,-41987000,-41987000,-41987000,CAVM,2018-03-31
