Currency,Fiscal Year,Fiscal Period,Publish Date,Restated Date,Shares (Basic),Shares (Diluted),Revenue,Cost of Revenue,Gross Profit,Operating Expenses,"Selling, General & Administrative",Operating Income (Loss),Non-Operating Income (Loss),"Interest Expense, Net","Pretax Income (Loss), Adj.",Pretax Income (Loss),"Income Tax (Expense) Benefit, Net",Income (Loss) from Continuing Operations,Net Income,Net Income (Common),Ticker,Report_Date
USD,2018,2,2018-08-08,2018-08-08,177343176.0,177343176.0,631056000.0,-153165000.0,477891000.0,-509880000.0,-381964000.0,-31989000.0,-8860000.0,-15498000.0,-40849000,-40849000,-11897000.0,-52746000,-52746000,-52746000,NOW,2018-06-30
USD,2018,3,2018-11-07,2018-11-07,178719694.0,192190899.0,673097000.0,-157858000.0,515239000.0,-505671000.0,-370016000.0,9568000.0,-2338000.0,-11233000.0,7230000,7230000,1175000.0,8405000,8405000,8405000,NOW,2018-09-30
USD,2018,4,2019-02-27,2019-02-27,179838389.0,151600231.0,715441000.0,-168162000.0,547279000.0,-547001000.0,-398339000.0,278000.0,1677000.0,-8938000.0,1955000,1955000,5060000.0,7015000,7015000,7015000,NOW,2018-12-31
USD,2019,1,2019-05-03,2019-05-03,182061579.0,182061579.0,788926000.0,-186252000.0,602674000.0,-618387000.0,-445865000.0,-15713000.0,4257000.0,-8168000.0,-11456000,-11456000,9911000.0,-1545000,-1545000,-1545000,NOW,2019-03-31
USD,2019,2,2019-08-06,2019-08-06,186677622.0,186677622.0,833904000.0,-198147000.0,635757000.0,-662757000.0,-479337000.0,-27000000.0,10685000.0,-8269000.0,-16315000,-16315000,5236000.0,-11079000,-11079000,-11079000,NOW,2019-06-30
USD,2019,3,2019-10-25,2019-10-25,188074303.0,197878215.0,885833000.0,-200793000.0,685040000.0,-628716000.0,-438617000.0,56324000.0,4446000.0,-8371000.0,60770000,60770000,-20172000.0,40598000,40598000,40598000,NOW,2019-09-30
USD,2019,4,2020-02-20,2020-02-20,189050496.0,222274584.0,951774000.0,-211453000.0,740321000.0,-711809000.0,-509481000.0,28512000.0,5674000.0,-8475000.0,34186000,34186000,564538000.0,598724000,598724000,598724000,NOW,2019-12-31
USD,2020,1,2020-04-30,2021-04-29,190163000.0,199938000.0,1046000000.0,-223000000.0,823000000.0,-774000000.0,-547000000.0,49000000.0,-1000000.0,-9000000.0,48000000,48000000,16753125.0,48000000,48000000,48000000,NOW,2020-03-31
USD,2020,2,2020-07-30,2020-07-30,191319000.0,201453000.0,1070842000.0,-232939000.0,837903000.0,-775637000.0,-530556000.0,62266000.0,-236000.0,-8488000.0,62030000,62030000,-21264000.0,40766000,40766000,40766000,NOW,2020-06-30
