Currency,Fiscal Year,Fiscal Period,Publish Date,Restated Date,Shares (Basic),Shares (Diluted),Revenue,Cost of Revenue,Gross Profit,Operating Expenses,"Selling, General & Administrative",Operating Income (Loss),Non-Operating Income (Loss),"Interest Expense, Net","Pretax Income (Loss), Adj.",Pretax Income (Loss),"Income Tax (Expense) Benefit, Net",Income (Loss) from Continuing Operations,Net Income,Net Income (Common),Ticker,Report_Date
USD,2017,2,2017-07-26,2018-07-31,20508890.0,20805931.0,489925000.0,-428807000.0,61118000.0,-29120000.0,-29007000.0,31998000.0,-1242000.0,-1721000.0,30756000,27419000,-7672000.0,19747000,19216000,19216000,TOWR,2017-06-30
USD,2017,3,2017-10-30,2018-10-29,20522001.0,20787405.0,462372000.0,-404332000.0,58040000.0,-29784000.0,-29667000.0,28256000.0,-4896000.0,-5609000.0,23360000,22229000,-8002000.0,14227000,14931000,14931000,TOWR,2017-09-30
USD,2017,4,2018-02-28,2019-02-27,20538565.0,20901759.0,-67413000.0,81118000.0,13705000.0,33000.0,143000.0,13738000.0,-3679000.0,-2008000.0,10059000,11585000,-21919000.0,-10334000,-3867000,-3867000,TOWR,2017-12-31
USD,2018,1,2018-05-03,2019-05-02,20556613.0,20951973.0,407233000.0,-359049000.0,48184000.0,-23457000.0,-23345000.0,24727000.0,-3793000.0,-4351000.0,20934000,19691000,-3236000.0,16455000,17300000,17300000,TOWR,2018-03-31
USD,2018,2,2018-07-31,2018-07-31,20597482.0,20986122.0,556007000.0,-491948000.0,64059000.0,-30977000.0,-30869000.0,33082000.0,-5561000.0,-5143000.0,27521000,27252000,-5539000.0,21713000,22376000,22376000,TOWR,2018-06-30
USD,2018,3,2018-10-29,2018-10-29,20605168.0,21035802.0,524566000.0,-462941000.0,61625000.0,-30064000.0,-29954000.0,31561000.0,-5397000.0,-5955000.0,26164000,25673000,-3996000.0,21677000,22580000,22580000,TOWR,2018-09-30
USD,2018,4,2019-02-27,2019-02-27,20607433.0,21010375.0,84047000.0,-64017000.0,20030000.0,-5464000.0,-5359000.0,14566000.0,-5024000.0,-3349000.0,9542000,5762000,11512000.0,17274000,-13356000,-13356000,TOWR,2018-12-31
USD,2019,1,2019-05-02,2019-05-02,20632128.0,21063287.0,378738000.0,-341971000.0,36767000.0,-25295000.0,-25186000.0,11472000.0,-460000.0,-5031000.0,11012000,10889000,-3217000.0,7672000,-5068000,-5068000,TOWR,2019-03-31
USD,2019,2,2019-07-25,2019-07-25,20689474.0,20998849.0,345446000.0,-308971000.0,36475000.0,-17693000.0,-17584000.0,18782000.0,-4559000.0,-4590000.0,14223000,8894000,-3083000.0,5811000,5811000,5811000,TOWR,2019-06-30
