Currency,Fiscal Year,Fiscal Period,Publish Date,Restated Date,Shares (Basic),Shares (Diluted),Revenue,Cost of Revenue,Gross Profit,Operating Expenses,"Selling, General & Administrative",Operating Income (Loss),Non-Operating Income (Loss),"Interest Expense, Net","Pretax Income (Loss), Adj.",Pretax Income (Loss),"Income Tax (Expense) Benefit, Net",Income (Loss) from Continuing Operations,Net Income,Net Income (Common),Ticker,Report_Date
USD,2018,2,2018-08-07,2018-08-07,1568000000.0,1572000000.0,8278000000.0,-1934000000.0,6344000000.0,-3082000000.0,-1760000000.0,3262000000.0,-1250000000.0,-272000000.0,2012000000,2012000000,-29000000.0,1983000000,1983000000,1983000000,ABBV,2018-06-30
USD,2018,3,2018-11-07,2018-11-07,1511000000.0,1515000000.0,8236000000.0,-1835000000.0,6401000000.0,-3187000000.0,-1919000000.0,3214000000.0,-398000000.0,-302000000.0,2816000000,2761000000,-14000000.0,2747000000,2747000000,2747000000,ABBV,2018-09-30
USD,2018,4,2019-02-27,2019-02-27,1494000000.0,1501000000.0,8305000000.0,-2022000000.0,6283000000.0,-8924000000.0,-1929000000.0,-2641000000.0,568000000.0,-319000000.0,-2073000000,-2373000000,547000000.0,-1826000000,-1826000000,-1826000000,ABBV,2018-12-31
USD,2019,1,2019-05-03,2019-05-03,1480000000.0,1483000000.0,7828000000.0,-1694000000.0,6134000000.0,-2969000000.0,-1680000000.0,3165000000.0,-466000000.0,-325000000.0,2699000000,2544000000,-88000000.0,2456000000,2456000000,2456000000,ABBV,2019-03-31
USD,2019,2,2019-08-05,2019-08-05,1480000000.0,1484000000.0,8255000000.0,-1819000000.0,6436000000.0,-2945000000.0,-1654000000.0,3491000000.0,-2593000000.0,-309000000.0,898000000,807000000,-66000000.0,741000000,741000000,741000000,ABBV,2019-06-30
USD,2019,3,2019-11-06,2020-11-04,1481000000.0,1483000000.0,8479000000.0,-1920000000.0,6559000000.0,-3942000000.0,-1657000000.0,2617000000.0,-616000000.0,-420000000.0,2001000000,2001000000,-117000000.0,1884000000,1884000000,1884000000,ABBV,2019-09-30
USD,2019,4,2020-02-21,2020-02-21,1483000000.0,1486000000.0,8704000000.0,-2006000000.0,6698000000.0,-2603000000.0,-1951000000.0,4095000000.0,-882000000.0,-455000000.0,3213000000,3074000000,-273000000.0,2801000000,2801000000,2801000000,ABBV,2019-12-31
USD,2020,1,2020-05-08,2021-05-07,1481000000.0,1484000000.0,8619000000.0,-1942000000.0,6677000000.0,-3074000000.0,-1695000000.0,3603000000.0,-505000000.0,-428000000.0,3098000000,3098000000,-88000000.0,3010000000,3010000000,3010000000,ABBV,2020-03-31
USD,2020,2,2020-08-04,2020-08-04,1647000000.0,1647000000.0,10425000000.0,-3711000000.0,6714000000.0,-5109000000.0,-3527000000.0,1605000000.0,-1445000000.0,-614000000.0,160000000,-693000000,-46000000.0,-739000000,-738000000,-738000000,ABBV,2020-06-30
