Currency,Fiscal Year,Fiscal Period,Publish Date,Restated Date,Shares (Basic),Shares (Diluted),Revenue,Cost of Revenue,Gross Profit,Operating Expenses,"Selling, General & Administrative",Operating Income (Loss),Non-Operating Income (Loss),"Interest Expense, Net","Pretax Income (Loss), Adj.",Pretax Income (Loss),"Income Tax (Expense) Benefit, Net",Income (Loss) from Continuing Operations,Net Income,Net Income (Common),Ticker,Report_Date
USD,2016,1,2016-05-03,2017-05-11,19603000.0,19603000.0,57180000.0,-47899000.0,9281000.0,-7155000.0,-7155000.0,2126000.0,-2002000.0,-2002000.0,124000,124000,-47000.0,77000,-1018000,-1018000,SNAK,2016-03-31
USD,2016,2,2016-07-28,2017-08-10,19628000.0,19628000.0,57797000.0,-48094000.0,9703000.0,-7609000.0,-7609000.0,2094000.0,-1967000.0,-1967000.0,127000,127000,-66000.0,61000,-278000,-278000,SNAK,2016-06-30
USD,2016,3,2016-11-03,2017-11-09,19671000.0,19671000.0,28587000.0,-23534000.0,5053000.0,-6706000.0,-6706000.0,-1653000.0,-1376000.0,-1376000.0,-3029000,-3029000,1298000.0,-1731000,-2564000,-2564000,SNAK,2016-09-30
USD,2016,4,2017-03-31,2017-03-31,19674000.0,19674000.0,125448000.0,-116726000.0,8722000.0,-13524000.0,-13524000.0,-4802000.0,-4529000.0,-4529000.0,-9331000,-24777000,-3879000.0,-28656000,-26389000,-26389000,SNAK,2016-12-31
USD,2017,1,2017-05-11,2017-05-11,19675000.0,19675000.0,49618000.0,-41104000.0,8514000.0,-7255000.0,-7255000.0,1259000.0,-2362000.0,-2362000.0,-1103000,-1103000,-103000.0,-1206000,-14139000,-14139000,SNAK,2017-03-31
USD,2017,2,2017-08-10,2017-08-10,19741000.0,19741000.0,51356000.0,-41244000.0,10112000.0,-8668000.0,-8668000.0,1444000.0,-2425000.0,-2425000.0,-981000,-981000,-11000.0,-992000,-917000,-917000,SNAK,2017-06-30
USD,2017,3,2017-11-09,2017-11-09,19790000.0,19790000.0,27428000.0,-23951000.0,3477000.0,-7100000.0,-7100000.0,-3623000.0,-1839000.0,-1839000.0,-5462000,-5462000,-10000.0,-5472000,-25372000,-25372000,SNAK,2017-09-30
