Currency,Fiscal Year,Fiscal Period,Publish Date,Restated Date,Shares (Basic),Shares (Diluted),Revenue,Cost of Revenue,Gross Profit,Operating Expenses,"Selling, General & Administrative",Operating Income (Loss),Non-Operating Income (Loss),"Interest Expense, Net","Pretax Income (Loss), Adj.",Pretax Income (Loss),"Income Tax (Expense) Benefit, Net",Income (Loss) from Continuing Operations,Net Income,Net Income (Common),Ticker,Report_Date
USD,2016,1,2015-11-04,2016-11-14,55000000.0,55900000.0,585200000.0,-416300000.0,168900000.0,-118600000.0,-94900000.0,50300000.0,200000.0,-1600000.0,50500000,35700000,-10800000.0,24900000,24900000,24900000,PRXL,2015-09-30
USD,2016,2,2016-02-02,2017-02-09,53300000.0,54000000.0,604200000.0,-418200000.0,186000000.0,-121000000.0,-97400000.0,65000000.0,-2200000.0,-2100000.0,62800000,52400000,-13000000.0,39400000,39400000,39400000,PRXL,2015-12-31
USD,2016,3,2016-05-03,2017-05-08,52900000.0,53600000.0,611400000.0,-422100000.0,189300000.0,-121400000.0,-97100000.0,67900000.0,-2600000.0,-2300000.0,65300000,67100000,-19200000.0,47900000,47900000,47900000,PRXL,2016-03-31
USD,2016,4,2016-09-09,2016-09-09,52800000.0,53300000.0,625500000.0,-435700000.0,189800000.0,-121200000.0,-95900000.0,68600000.0,-4200000.0,-2600000.0,64400000,60000000,-17300000.0,42700000,42700000,42700000,PRXL,2016-06-30
USD,2017,1,2016-11-14,2016-11-14,52900000.0,53700000.0,576500000.0,-407500000.0,169000000.0,-117000000.0,-92200000.0,52000000.0,-3400000.0,-2600000.0,48600000,49900000,-12100000.0,37800000,37800000,37800000,PRXL,2016-09-30
USD,2017,2,2017-02-09,2017-02-09,52000000.0,52700000.0,612200000.0,-428700000.0,183500000.0,-121900000.0,-95600000.0,61600000.0,-20500000.0,-2800000.0,41100000,39500000,-17700000.0,21800000,21800000,21800000,PRXL,2016-12-31
USD,2017,3,2017-05-08,2017-05-08,50500000.0,51200000.0,605200000.0,-425500000.0,179700000.0,-128200000.0,-100800000.0,51500000.0,-5300000.0,-3100000.0,46200000,24600000,-6800000.0,17800000,17800000,17800000,PRXL,2017-03-31
USD,2017,4,2017-08-29,2017-08-29,50600000.0,51200000.0,647600000.0,-439700000.0,207900000.0,-140600000.0,-112700000.0,67300000.0,-5800000.0,-3800000.0,61500000,42200000,-12300000.0,29900000,29900000,29900000,PRXL,2017-06-30
