Currency,Fiscal Year,Fiscal Period,Publish Date,Restated Date,Shares (Basic),Shares (Diluted),Revenue,Cost of Revenue,Gross Profit,Operating Expenses,"Selling, General & Administrative",Operating Income (Loss),Non-Operating Income (Loss),"Interest Expense, Net","Pretax Income (Loss), Adj.",Pretax Income (Loss),"Income Tax (Expense) Benefit, Net",Income (Loss) from Continuing Operations,Net Income,Net Income (Common),Ticker,Report_Date
USD,2017,3,2017-05-10,2018-05-09,169020000.0,169020000.0,33280000.0,-7432000.0,25848000.0,-57783000.0,-11714000.0,-31935000.0,-2867000.0,-2867000.0,-34802000,-35317000,-766666.6666666666,-35317000,-35317000,-35317000,ARRY,2017-03-31
USD,2017,4,2017-09-08,2018-08-14,170581000.0,170581000.0,33778000.0,-10092000.0,23686000.0,-50024000.0,-10926000.0,-26338000.0,-2866000.0,-2866000.0,-29204000,-29592000,0.0,-29592000,-29592000,-29592000,ARRY,2017-06-30
USD,2018,1,2017-10-31,2017-10-31,174772000.0,174772000.0,29746000.0,-11759000.0,17987000.0,-53493000.0,-12048000.0,-35506000.0,-2688000.0,-2688000.0,-38194000,-37994000,-766666.6666666666,-37994000,-37994000,-37994000,ARRY,2017-09-30
USD,2018,2,2018-02-06,2018-02-06,199852000.0,199852000.0,42218000.0,-13716000.0,28502000.0,-54220000.0,-11607000.0,-25718000.0,-1578000.0,-1578000.0,-27296000,-34053000,-766666.6666666666,-34053000,-34053000,-34053000,ARRY,2017-12-31
USD,2018,3,2018-05-09,2018-05-09,208994000.0,208994000.0,66367000.0,-17712000.0,48655000.0,-70409000.0,-16773000.0,-21754000.0,-1066000.0,-1066000.0,-22820000,-22851000,-766666.6666666666,-22851000,-22851000,-22851000,ARRY,2018-03-31
USD,2018,4,2018-08-14,2018-08-14,210342000.0,210342000.0,35437000.0,-16187000.0,19250000.0,-66199000.0,-18072000.0,-46949000.0,-1012000.0,-1012000.0,-47961000,-50148000,-2300000.0,-52448000,-52448000,-52448000,ARRY,2018-06-30
USD,2019,1,2018-10-30,2018-10-30,212193000.0,212193000.0,56910000.0,-195000.0,56715000.0,-80440000.0,-24890000.0,-23725000.0,-1056000.0,-1056000.0,-24781000,-24811000,-766666.6666666666,-24811000,-24811000,-24811000,ARRY,2018-09-30
USD,2019,2,2019-02-05,2019-02-05,215872000.0,215872000.0,82549000.0,-786000.0,81763000.0,-92593000.0,-30473000.0,-10830000.0,-532000.0,-532000.0,-11362000,-11362000,-766666.6666666666,-11362000,-11362000,-11362000,ARRY,2018-12-31
USD,2019,3,2019-05-07,2019-05-07,219913000.0,219913000.0,64677000.0,-1042000.0,63635000.0,-101089000.0,-35548000.0,-37454000.0,-40000.0,49000.0,-37494000,-37494000,-766666.6666666666,-37494000,-37494000,-37494000,ARRY,2019-03-31
