Currency,Fiscal Year,Fiscal Period,Publish Date,Restated Date,Shares (Basic),Shares (Diluted),Revenue,Cost of Revenue,Gross Profit,Operating Expenses,"Selling, General & Administrative",Operating Income (Loss),Non-Operating Income (Loss),"Interest Expense, Net","Pretax Income (Loss), Adj.",Pretax Income (Loss),"Income Tax (Expense) Benefit, Net",Income (Loss) from Continuing Operations,Net Income,Net Income (Common),Ticker,Report_Date
USD,2014,4,2015-03-02,2017-03-01,51898000.0,52899000.0,441023000.0,-298486000.0,142537000.0,-106730000.0,-101192000.0,35807000.0,-3198000.0,-3198000.0,32609000,32609000,-13083000.0,19526000,20473000,20473000,ASGN,2014-12-31
USD,2015,1,2015-05-08,2016-05-09,51519000.0,52209000.0,430045000.0,-294170000.0,135875000.0,-110804000.0,-105935000.0,25071000.0,-3067000.0,-3067000.0,22004000,22004000,-8981000.0,13023000,39135000,39135000,ASGN,2015-03-31
USD,2015,2,2015-08-07,2016-08-09,51978000.0,52633000.0,485323000.0,-326789000.0,158534000.0,-125824000.0,-118867000.0,32710000.0,-4736000.0,-4736000.0,27974000,24223000,-9888000.0,14335000,14252000,14252000,ASGN,2015-06-30
USD,2015,3,2015-11-06,2016-11-08,52654000.0,53304000.0,572123000.0,-380719000.0,191404000.0,-139939000.0,-128614000.0,51465000.0,-9543000.0,-9543000.0,41922000,41922000,-17031000.0,24891000,24925000,24925000,ASGN,2015-09-30
USD,2015,4,2016-02-29,2018-03-01,52885000.0,53874000.0,577517000.0,-384585000.0,192932000.0,-150070000.0,-138754000.0,42862000.0,-9098000.0,-9098000.0,33764000,33764000,-14591000.0,19173000,19338000,19338000,ASGN,2015-12-31
USD,2016,1,2016-05-09,2017-05-10,53147000.0,53644000.0,582040000.0,-394258000.0,187782000.0,-150025000.0,-139881000.0,37757000.0,-9025000.0,-9025000.0,28732000,28732000,-11384000.0,17348000,17401000,17401000,ASGN,2016-03-31
USD,2016,2,2016-08-09,2017-08-07,53422000.0,53911000.0,608088000.0,-406002000.0,202086000.0,-151382000.0,-141350000.0,50704000.0,-7959000.0,-7959000.0,42745000,42745000,-16732000.0,26013000,26004000,26004000,ASGN,2016-06-30
USD,2016,3,2016-11-08,2017-11-08,53275000.0,53768000.0,629401000.0,-422281000.0,207120000.0,-151710000.0,-141968000.0,55410000.0,-8294000.0,-8294000.0,47116000,47116000,-17341000.0,29775000,29768000,29768000,ASGN,2016-09-30
USD,2016,4,2017-03-01,2019-03-01,52924000.0,53665000.0,620884000.0,-422689000.0,198195000.0,-152340000.0,-142630000.0,45855000.0,-7049000.0,-7049000.0,38806000,38806000,-14746000.0,24060000,24028000,24028000,ASGN,2016-12-31
USD,2017,1,2017-05-10,2018-05-10,52658000.0,53249000.0,626528000.0,-428384000.0,198144000.0,-154536000.0,-146072000.0,43608000.0,-8501000.0,-8501000.0,35107000,35107000,-12725000.0,22382000,22391000,22391000,ASGN,2017-03-31
USD,2017,2,2017-08-07,2018-08-09,52823000.0,53473000.0,653313000.0,-440376000.0,212937000.0,-153476000.0,-145177000.0,59461000.0,-6067000.0,-6067000.0,53394000,53394000,-20158000.0,33236000,33097000,33097000,ASGN,2017-06-30
USD,2017,3,2017-11-08,2018-11-09,52500000.0,53173000.0,667048000.0,-448733000.0,218315000.0,-157445000.0,-149197000.0,60870000.0,-7099000.0,-7099000.0,53771000,53771000,-18892000.0,34879000,34856000,34856000,ASGN,2017-09-30
USD,2017,4,2018-03-01,2020-03-02,52019000.0,52905000.0,679111000.0,-458407000.0,220704000.0,-159943000.0,-151554000.0,60761000.0,-5933000.0,-5933000.0,54828000,54828000,12575000.0,67403000,67356000,67356000,ASGN,2017-12-31
USD,2018,1,2018-05-10,2019-05-10,52200000.0,52831000.0,685200000.0,-467500000.0,217700000.0,-172000000.0,-164400000.0,45700000.0,-6600000.0,-6600000.0,39100000,39100000,-9900000.0,29200000,29100000,29100000,ASGN,2018-03-31
USD,2018,2,2018-08-09,2019-08-08,52300000.0,53000000.0,878500000.0,-614600000.0,263900000.0,-198200000.0,-179700000.0,65700000.0,-20500000.0,-20500000.0,45200000,45200000,-11500000.0,33700000,33600000,33600000,ASGN,2018-06-30
USD,2018,3,2018-11-09,2019-11-08,52362000.0,53000000.0,906400000.0,-636300000.0,270100000.0,-195900000.0,-177300000.0,74200000.0,-14600000.0,-14600000.0,59600000,59600000,-10500000.0,49100000,49100000,49100000,ASGN,2018-09-30
USD,2018,4,2019-03-01,2021-03-01,52470000.0,53569000.0,929700000.0,-657700000.0,272000000.0,-197400000.0,-183600000.0,74600000.0,-14300000.0,-14300000.0,60300000,60300000,-14300000.0,46000000,45900000,45900000,ASGN,2018-12-31
USD,2019,1,2019-05-10,2020-05-11,52600000.0,53200000.0,923700000.0,-659800000.0,263900000.0,-201200000.0,-187400000.0,62700000.0,-14500000.0,-14500000.0,48200000,48200000,-13300000.0,34900000,34900000,34900000,ASGN,2019-03-31
USD,2019,2,2019-08-08,2020-08-10,52800000.0,53400000.0,972300000.0,-687100000.0,285200000.0,-211900000.0,-198800000.0,73300000.0,-14000000.0,-14000000.0,59300000,59300000,-16200000.0,43100000,43100000,43100000,ASGN,2019-06-30
USD,2019,3,2019-11-08,2020-11-09,52800000.0,53400000.0,1002700000.0,-711300000.0,291400000.0,-200500000.0,-188600000.0,90900000.0,-12700000.0,-12700000.0,78200000,78200000,-20700000.0,57500000,57400000,57400000,ASGN,2019-09-30
USD,2019,4,2020-03-02,2021-03-01,53000000.0,53600000.0,1025200000.0,-735700000.0,289500000.0,-207800000.0,-195500000.0,81700000.0,-11700000.0,-11700000.0,70000000,51100000,-11800000.0,39300000,39300000,39300000,ASGN,2019-12-31
USD,2020,1,2020-05-11,2021-05-07,52800000.0,53300000.0,990500000.0,-709600000.0,280900000.0,-210000000.0,-197900000.0,70900000.0,-11400000.0,-11400000.0,59500000,59500000,-15700000.0,43800000,43800000,43800000,ASGN,2020-03-31
USD,2020,2,2020-08-10,2020-08-10,52500000.0,53000000.0,936800000.0,-676000000.0,260800000.0,-184800000.0,-172200000.0,76000000.0,-9700000.0,-9700000.0,66300000,66300000,-17500000.0,48800000,48800000,48800000,ASGN,2020-06-30
