Currency,Fiscal Year,Fiscal Period,Publish Date,Restated Date,Shares (Basic),Shares (Diluted),Revenue,Cost of Revenue,Gross Profit,Operating Expenses,"Selling, General & Administrative",Operating Income (Loss),Non-Operating Income (Loss),"Interest Expense, Net","Pretax Income (Loss), Adj.",Pretax Income (Loss),"Income Tax (Expense) Benefit, Net",Income (Loss) from Continuing Operations,Net Income,Net Income (Common),Ticker,Report_Date
USD,2018,3,2018-09-06,2018-09-06,99000000.0,99700000.0,2606000000.0,-2096000000.0,510000000.0,-239000000.0,-244000000.0,271000000.0,-82000000.0,-82000000.0,189000000,180000000,-3000000.0,177000000,170000000,170000000,NAV,2018-07-31
USD,2018,4,2018-12-18,2018-12-18,99200000.0,100600000.0,3317000000.0,-2702000000.0,615000000.0,-302000000.0,-236000000.0,313000000.0,-87000000.0,-87000000.0,226000000,223000000,-27000000.0,196000000,188000000,188000000,NAV,2018-10-31
USD,2019,1,2019-03-08,2019-03-08,99100000.0,99400000.0,2433000000.0,-1979000000.0,454000000.0,-369000000.0,-186000000.0,85000000.0,-85000000.0,-85000000.0,0,-2000000,19000000.0,17000000,11000000,11000000,NAV,2019-01-31
USD,2019,2,2019-06-04,2019-06-04,99200000.0,99200000.0,2996000000.0,-2493000000.0,503000000.0,-466000000.0,-373000000.0,37000000.0,-79000000.0,-82000000.0,-42000000,-44000000,1000000.0,-43000000,-48000000,-48000000,NAV,2019-04-30
USD,2019,3,2019-09-04,2019-09-04,99400000.0,99700000.0,3042000000.0,-2501000000.0,541000000.0,-273000000.0,-167000000.0,268000000.0,-75000000.0,-76000000.0,193000000,190000000,-29000000.0,161000000,156000000,156000000,NAV,2019-07-31
USD,2019,4,2019-12-17,2019-12-17,99500000.0,99700000.0,2780000000.0,-2272000000.0,508000000.0,-309000000.0,-208000000.0,199000000.0,-69000000.0,-69000000.0,130000000,118000000,-10000000.0,108000000,102000000,102000000,NAV,2019-10-31
USD,2020,1,2020-03-04,2021-03-09,99500000.0,99500000.0,1838000000.0,-1529000000.0,309000000.0,-268000000.0,-182000000.0,41000000.0,-77000000.0,-65000000.0,-36000000,-37000000,5000000.0,-32000000,-36000000,-36000000,NAV,2020-01-31
USD,2020,2,2020-06-04,2021-06-08,99700000.0,99700000.0,1925000000.0,-1624000000.0,301000000.0,-248000000.0,-170000000.0,53000000.0,-66000000.0,-63000000.0,-13000000,-26000000,-7000000.0,-33000000,-38000000,-38000000,NAV,2020-04-30
