Currency,Fiscal Year,Fiscal Period,Publish Date,Restated Date,Shares (Basic),Shares (Diluted),Revenue,Cost of Revenue,Gross Profit,Operating Expenses,"Selling, General & Administrative",Operating Income (Loss),Non-Operating Income (Loss),"Interest Expense, Net","Pretax Income (Loss), Adj.",Pretax Income (Loss),"Income Tax (Expense) Benefit, Net",Income (Loss) from Continuing Operations,Net Income,Net Income (Common),Ticker,Report_Date
USD,2016,3,2016-11-07,2018-03-15,15292699.0,15292699.0,22061000.0,-9960000.0,12101000.0,-13462000.0,-9699000.0,-1361000.0,-1000.0,-1000.0,-1362000,-1973000,9000.0,-1964000,-1964000,-1964000,JMBA,2016-09-30
USD,2016,4,2018-02-12,2018-05-11,15371324.0,15371324.0,17268000.0,-9127000.0,8141000.0,-15828000.0,-11226000.0,-7687000.0,-215000.0,-215000.0,-7902000,-15163000,-10000.0,-15173000,-15173000,-15173000,JMBA,2016-12-31
USD,2017,1,2017-09-13,2018-06-26,15411695.0,15411695.0,17613000.0,-8713000.0,8900000.0,-11594000.0,-8601000.0,-2694000.0,-29000.0,-29000.0,-2723000,-3066000,-86000.0,-3152000,-3152000,-3152000,JMBA,2017-03-31
USD,2017,2,2017-12-13,2018-08-13,15472137.0,15867544.0,20514000.0,-8920000.0,11594000.0,-9425000.0,-6757000.0,2169000.0,-42000.0,-42000.0,2127000,1678000,47000.0,1725000,1725000,1725000,JMBA,2017-06-30
USD,2017,3,2018-03-15,2018-03-15,15580074.0,15580074.0,18156000.0,-7553000.0,10603000.0,-10876000.0,-6505000.0,-273000.0,-79000.0,-79000.0,-352000,-440000,-17000.0,-457000,-457000,-457000,JMBA,2017-09-30
USD,2017,4,2018-05-11,2018-05-11,15588206.0,15192799.0,14643000.0,-7185000.0,7458000.0,-8868000.0,-6397000.0,-1410000.0,-70000.0,-70000.0,-1480000,-1585000,727000.0,-858000,-858000,-858000,JMBA,2017-12-31
USD,2018,1,2018-06-26,2018-06-26,15588206.0,15922204.0,20973000.0,-6995000.0,13978000.0,-13636000.0,-11039000.0,342000.0,-76000.0,-76000.0,266000,43000,-5000.0,38000,38000,38000,JMBA,2018-03-31
USD,2018,2,2018-08-13,2018-08-13,15602605.0,15602605.0,24493000.0,-7452000.0,17041000.0,-17106000.0,-14096000.0,-65000.0,-75000.0,-75000.0,-140000,-285000,-1000.0,-286000,-286000,-286000,JMBA,2018-06-30
