Currency,Fiscal Year,Fiscal Period,Publish Date,Restated Date,Shares (Basic),Shares (Diluted),Revenue,Cost of Revenue,Gross Profit,Operating Expenses,"Selling, General & Administrative",Operating Income (Loss),Non-Operating Income (Loss),"Interest Expense, Net","Pretax Income (Loss), Adj.",Pretax Income (Loss),"Income Tax (Expense) Benefit, Net",Income (Loss) from Continuing Operations,Net Income,Net Income (Common),Ticker,Report_Date
USD,2018,3,2018-11-14,2018-11-14,245604.0,245604.0,557089.0,-476453.0,80636.0,-3204936.0,-2071292.0,-3124300.0,40351.0,35545.0,-3083949,-3083949,0.0,-3083949,-3083949,-3083949,AKER,2018-09-30
USD,2018,4,2019-04-01,2019-04-01,240703.0,240703.0,279405.0,-461506.0,-182101.0,-2747354.0,-1926285.0,-2929455.0,43725.0,45181.0,-2885730,-3837641,0.0,-3837641,-3837641,-3837641,AKER,2018-12-31
USD,2019,1,2019-05-20,2019-05-20,260275.0,260275.0,612123.0,-245937.0,366186.0,-1306188.0,-1132794.0,-940002.0,26762.0,31421.0,-913240,-916958,0.0,-916958,-916958,-916958,AKER,2019-03-31
USD,2019,2,2019-08-14,2019-08-14,260644.0,260644.0,464513.0,-219864.0,244649.0,-1066359.0,-995448.0,-821710.0,27362.0,27581.0,-794348,-794891,0.0,-794891,-794891,-794891,AKER,2019-06-30
USD,2019,3,2019-11-14,2019-11-14,260890.0,260890.0,420812.0,-285510.0,135302.0,-1000791.0,-933288.0,-865489.0,22047.0,22015.0,-843442,-837026,0.0,-837026,-837026,-837026,AKER,2019-09-30
USD,2019,4,2020-10-21,2020-10-21,443535.0,443535.0,-1497448.0,751311.0,-746137.0,-23765.0,-335573.0,-769902.0,20261.0,20466.0,-749641,-832420,0.0,-832420,-1339374,-1339374,AKER,2019-12-31
USD,2020,1,2020-05-15,2021-05-18,1113424.0,1113424.0,580500.1538461539,-305432.23076923075,275067.92307692306,-3544455.0,-1061398.0,-3544455.0,46703.0,46703.0,-3497752,-3534466,10359.384615384615,-3534466,-3538536,-3538536,AKER,2020-03-31
USD,2020,2,2020-08-14,2020-08-14,2626106.0,2626106.0,-1888.0,-377169.0,-379057.0,-2818220.0,-743948.0,-3197277.0,29138.0,29045.0,-3168139,-3628131,0.0,-3628131,-3628131,-3628131,AKER,2020-06-30
