Currency,Fiscal Year,Fiscal Period,Publish Date,Restated Date,Shares (Basic),Shares (Diluted),Revenue,Cost of Revenue,Gross Profit,Operating Expenses,"Selling, General & Administrative",Operating Income (Loss),Non-Operating Income (Loss),"Interest Expense, Net","Pretax Income (Loss), Adj.",Pretax Income (Loss),"Income Tax (Expense) Benefit, Net",Income (Loss) from Continuing Operations,Net Income,Net Income (Common),Ticker,Report_Date
USD,2019,1,2019-05-08,2019-05-08,4248100.0,4248100.0,1840000.0,-1467000.0,373000.0,-5400000.0,-3986000.0,-5027000.0,-28000.0,-268000.0,-5055000,-5055000,4600.0,-5055000,-5055000,-5950000,AVGR,2019-03-31
USD,2019,2,2019-08-08,2019-08-08,6377000.0,6377000.0,2319000.0,-1599000.0,720000.0,-5426000.0,-4091000.0,-4706000.0,55000.0,-274000.0,-4651000,-4651000,4600.0,-4651000,-4651000,-5546000,AVGR,2019-06-30
USD,2019,3,2019-11-05,2019-11-05,7900000.0,7900000.0,2410000.0,-1563000.0,847000.0,-5462000.0,-4091000.0,-4615000.0,-8000.0,-307000.0,-4623000,-4623000,4600.0,-4623000,-4623000,-5518000,AVGR,2019-09-30
USD,2019,4,2020-03-06,2020-03-06,10430900.0,10430900.0,2562000.0,-1635000.0,927000.0,-5938000.0,-4366000.0,-5011000.0,-110000.0,-343000.0,-5121000,-5121000,4600.0,-5121000,-5121000,-6016000,AVGR,2019-12-31
USD,2020,1,2020-05-13,2021-05-06,14616000.0,14616000.0,2261000.0,-1760000.0,501000.0,-5980000.0,-4386000.0,-5479000.0,-372000.0,-368000.0,-5851000,-5851000,4600.0,-5851000,-5851000,-6818000,AVGR,2020-03-31
USD,2020,2,2020-07-30,2020-07-31,27310000.0,27310000.0,1466000.0,-1107000.0,359000.0,-3951000.0,-2654000.0,-3592000.0,-408000.0,-412000.0,-4000000,-4000000,4600.0,-4000000,-4000000,-4967000,AVGR,2020-06-30
