Currency,Fiscal Year,Fiscal Period,Publish Date,Restated Date,Shares (Basic),Shares (Diluted),Revenue,Cost of Revenue,Gross Profit,Operating Expenses,"Selling, General & Administrative",Operating Income (Loss),Non-Operating Income (Loss),"Interest Expense, Net","Pretax Income (Loss), Adj.",Pretax Income (Loss),"Income Tax (Expense) Benefit, Net",Income (Loss) from Continuing Operations,Net Income,Net Income (Common),Ticker,Report_Date
USD,2016,1,2016-05-23,2017-05-22,21547659.0,21547659.0,36162.0,-24260.0,11902.0,-605052.0,-39375.0,-593150.0,-100325.0,-100325.0,-693475,-704247,0.0,-704247,-704247,-704247,MJTK,2016-03-31
USD,2016,2,2016-08-18,2017-08-18,30097359.0,30097359.0,22489.0,0.0,22489.0,-357564.0,-90646.0,-335075.0,-331979.0,-331979.0,-667054,-1145293,0.0,-1145293,-1145293,-1145293,MJTK,2016-06-30
USD,2016,3,2016-11-21,2017-11-20,3365342.0,3365342.0,499.0,0.0,499.0,-331743.0,-68240.0,-331244.0,-99040.0,-99040.0,-430284,-1666604,0.0,-1666604,-1666604,-1666604,MJTK,2016-09-30
USD,2016,4,2017-04-17,2018-04-13,32963404.0,32963404.0,7699.0,0.0,7699.0,-350066.0,-149253.0,-342367.0,-127429.0,-127429.0,-469796,-1331462,0.0,-1331462,-1331462,-1331462,MJTK,2016-12-31
USD,2017,1,2017-05-22,2017-05-22,894598487.0,894598487.0,0.0,0.0,0.0,-256847.0,-68947.0,-256847.0,-303456.0,-303456.0,-560303,-2600674,0.0,-2600674,-2600674,-2600674,MJTK,2017-03-31
USD,2017,2,2017-08-18,2017-08-18,1093279923.0,1093279923.0,0.0,0.0,0.0,-173325.0,-59190.0,-173325.0,-167693.0,-167693.0,-341018,-453952,0.0,-453952,-453952,-453952,MJTK,2017-06-30
USD,2017,3,2017-11-20,2017-11-20,1450936026.0,1450936026.0,0.0,0.0,0.0,-301742.0,-109915.0,-301742.0,-193890.0,-193890.0,-495632,-2086272,0.0,-2086272,-2086272,-2086272,MJTK,2017-09-30
USD,2017,4,2018-04-13,2018-04-13,1867168808.0,1867168808.0,113.0,0.0,113.0,-202607.0,-83219.0,-202494.0,-275652.0,-275652.0,-478146,-983808,0.0,-983808,-983808,-983808,MJTK,2017-12-31
