Currency,Fiscal Year,Fiscal Period,Publish Date,Restated Date,Shares (Basic),Shares (Diluted),Revenue,Cost of Revenue,Gross Profit,Operating Expenses,"Selling, General & Administrative",Operating Income (Loss),Non-Operating Income (Loss),"Interest Expense, Net","Pretax Income (Loss), Adj.",Pretax Income (Loss),"Income Tax (Expense) Benefit, Net",Income (Loss) from Continuing Operations,Net Income,Net Income (Common),Ticker,Report_Date
USD,2018,1,2018-06-08,2018-06-08,143548000.0,143548000.0,311639000.0,-77970000.0,233669000.0,-355135000.0,-268778000.0,-121466000.0,979000.0,1114000.0,-120487000,-120487000,1988000.0,-118499000,-118499000,-118499000,SPLK,2018-04-30
USD,2018,2,2018-09-05,2018-09-05,145030000.0,145030000.0,388303000.0,-83748000.0,304555000.0,-408413000.0,-301674000.0,-103858000.0,1170000.0,1506000.0,-102688000,-102688000,-811000.0,-103499000,-103499000,-103499000,SPLK,2018-07-31
USD,2018,3,2018-12-07,2018-12-07,146391000.0,146391000.0,480983000.0,-89225000.0,391758000.0,-441764000.0,-324042000.0,-50006000.0,-3885000.0,-3699000.0,-53891000,-53891000,-1814000.0,-55705000,-55705000,-55705000,SPLK,2018-10-31
USD,2018,4,2019-03-27,2019-03-27,147859000.0,147859000.0,622085000.0,-93733000.0,528352000.0,-504195000.0,-373044000.0,24157000.0,-10282000.0,-9426000.0,13875000,13875000,-11749000.0,2126000,2126000,2126000,SPLK,2019-01-31
USD,2019,1,2019-06-06,2019-06-06,149060000.0,149060000.0,424850000.0,-95823000.0,329027000.0,-474013000.0,-344723000.0,-144986000.0,-7210000.0,-6671000.0,-152196000,-152196000,-3233000.0,-155429000,-155429000,-155429000,SPLK,2019-04-30
USD,2019,2,2019-09-05,2019-09-05,150306000.0,150306000.0,516558000.0,-98308000.0,418250000.0,-505147000.0,-371037000.0,-86897000.0,-8343000.0,-7689000.0,-95240000,-95240000,-5632000.0,-100872000,-100872000,-100872000,SPLK,2019-07-31
USD,2019,3,2019-12-04,2019-12-04,152404000.0,152404000.0,626336000.0,-107819000.0,518517000.0,-566002000.0,-407115000.0,-47485000.0,-12009000.0,-11794000.0,-59494000,-59494000,1855000.0,-57639000,-57639000,-57639000,SPLK,2019-10-31
USD,2019,4,2020-03-26,2020-03-26,156026000.0,156026000.0,791182000.0,-127838000.0,663344000.0,-671113000.0,-473600000.0,-7769000.0,-16952000.0,-15953000.0,-24721000,-24721000,1993000.0,-22728000,-22728000,-22728000,SPLK,2020-01-31
USD,2020,1,2020-06-01,2021-06-09,157534000.0,157534000.0,434077000.0,-128617000.0,305460000.0,-594072000.0,-401948000.0,-288612000.0,-18636000.0,-17962000.0,-307248000,-307248000,1669000.0,-305579000,-305579000,-305579000,SPLK,2020-04-30
