Currency,Fiscal Year,Fiscal Period,Publish Date,Restated Date,Shares (Basic),Shares (Diluted),Revenue,Cost of Revenue,Gross Profit,Operating Expenses,"Selling, General & Administrative",Operating Income (Loss),Non-Operating Income (Loss),"Interest Expense, Net","Pretax Income (Loss), Adj.",Pretax Income (Loss),"Income Tax (Expense) Benefit, Net",Income (Loss) from Continuing Operations,Net Income,Net Income (Common),Ticker,Report_Date
USD,2016,1,2016-05-04,2017-05-03,790700000.0,802300000.0,7308000000.0,-4005000000.0,3303000000.0,-1299000000.0,-1251000000.0,2004000000.0,-324000000.0,-284000000.0,1680000000,1672000000,-498000000.0,1174000000,1214000000,1214000000,TWX,2016-03-31
USD,2016,2,2016-08-03,2017-08-02,784500000.0,795400000.0,6952000000.0,-3840000000.0,3112000000.0,-1216000000.0,-1258000000.0,1896000000.0,-423000000.0,-292000000.0,1473000000,1423000000,-472000000.0,951000000,952000000,952000000,TWX,2016-06-30
USD,2016,3,2016-11-02,2016-11-02,776200000.0,787500000.0,7167000000.0,-3873000000.0,3294000000.0,-1239000000.0,-1179000000.0,2055000000.0,-325000000.0,-298000000.0,1730000000,1689000000,-217000000.0,1472000000,1467000000,1467000000,TWX,2016-09-30
USD,2016,4,2017-02-23,2017-02-23,771800000.0,784000000.0,7891000000.0,-4658000000.0,3233000000.0,-1481000000.0,-1435000000.0,1752000000.0,-1280000000.0,-287000000.0,472000000,411000000,-94000000.0,317000000,293000000,293000000,TWX,2016-12-31
USD,2017,1,2017-05-03,2018-04-26,773600000.0,789300000.0,7735000000.0,-4332000000.0,3403000000.0,-1310000000.0,-1272000000.0,2093000000.0,-187000000.0,-259000000.0,1906000000,1893000000,-470000000.0,1423000000,1424000000,1424000000,TWX,2017-03-31
USD,2017,2,2017-08-02,2017-08-02,775800000.0,790000000.0,7330000000.0,-4205000000.0,3125000000.0,-1424000000.0,-1427000000.0,1701000000.0,-178000000.0,-249000000.0,1523000000,1514000000,-452000000.0,1062000000,1062000000,1062000000,TWX,2017-06-30
USD,2017,3,2017-10-26,2017-10-26,778000000.0,791700000.0,7595000000.0,-3928000000.0,3667000000.0,-1410000000.0,-1378000000.0,2257000000.0,-324000000.0,-254000000.0,1933000000,1921000000,-550000000.0,1371000000,1372000000,1372000000,TWX,2017-09-30
USD,2017,4,2018-04-27,2018-04-27,779000000.0,791800000.0,8611000000.0,-5182000000.0,3429000000.0,-1424000000.0,-1361000000.0,2005000000.0,-1286000000.0,-243000000.0,719000000,617000000,771000000.0,1388000000,1389000000,1389000000,TWX,2017-12-31
USD,2018,1,2018-04-26,2018-04-26,780900000.0,792000000.0,7996000000.0,-4717000000.0,3279000000.0,-1468000000.0,-1402000000.0,1811000000.0,-301000000.0,-207000000.0,1510000000,1510000000,132000000.0,1642000000,1643000000,1643000000,TWX,2018-03-31
