Currency,Fiscal Year,Fiscal Period,Publish Date,Restated Date,Shares (Basic),Shares (Diluted),Revenue,Cost of Revenue,Gross Profit,Operating Expenses,"Selling, General & Administrative",Operating Income (Loss),Non-Operating Income (Loss),"Interest Expense, Net","Pretax Income (Loss), Adj.",Pretax Income (Loss),"Income Tax (Expense) Benefit, Net",Income (Loss) from Continuing Operations,Net Income,Net Income (Common),Ticker,Report_Date
USD,2018,2,2018-11-08,2018-11-08,5699662.0,5699662.0,943000.0,-125000.0,818000.0,-6827000.0,-3640000.0,-6009000.0,172000.0,172000.0,-5837000,-5837000,0.0,-5837000,-5837000,-5837000,ONVO,2018-09-30
USD,2018,3,2019-02-07,2019-02-07,5812828.0,5812828.0,779000.0,-136000.0,643000.0,-7169000.0,-3387000.0,-6526000.0,192000.0,192000.0,-6334000,-6399000,0.0,-6399000,-6399000,-6399000,ONVO,2018-12-31
USD,2018,4,2019-06-03,2019-06-03,5990568.0,5990568.0,680000.0,-101000.0,579000.0,-7741000.0,-3337000.0,-7162000.0,179000.0,179000.0,-6983000,-6983000,0.0,-6983000,-6983000,-6983000,ONVO,2019-03-31
USD,2019,1,2019-08-08,2019-08-08,6342745.0,6342745.0,668000.0,-51000.0,617000.0,-7138000.0,-3315000.0,-6521000.0,197000.0,197000.0,-6324000,-6323000,0.0,-6323000,-6323000,-6323000,ONVO,2019-06-30
USD,2019,2,2019-11-07,2019-11-07,6517859.0,6517859.0,1230000.0,-264000.0,966000.0,-7793000.0,-6348000.0,-6827000.0,450000.0,183000.0,-6377000,-6292000,-2000.0,-6294000,-6294000,-6294000,ONVO,2019-09-30
USD,2019,3,2020-02-10,2021-02-08,6523312.0,6523312.0,298000.0,-13000.0,285000.0,-5519000.0,-5374000.0,-5234000.0,1314000.0,127000.0,-3920000,-3370000,-1666.6666666666667,-3370000,-3370000,-3370000,ONVO,2019-12-31
USD,2019,4,2020-07-29,2020-07-29,6527315.0,6527315.0,0.0,0.0,0.0,-2893000.0,-3022000.0,-2893000.0,168000.0,87000.0,-2725000,-2723000,0.0,-2723000,-2723000,-2723000,ONVO,2020-03-31
USD,2020,1,2020-08-10,2020-08-10,6529424.0,6529424.0,640115.3846153846,0.0,0.0,-2786000.0,-2786000.0,-2786000.0,13000.0,8000.0,-2773000,-2767000,-2000.0,-2769000,-2769000,-2769000,ONVO,2020-06-30
