Currency,Fiscal Year,Fiscal Period,Publish Date,Restated Date,Shares (Basic),Shares (Diluted),Revenue,Cost of Revenue,Gross Profit,Operating Expenses,"Selling, General & Administrative",Operating Income (Loss),Non-Operating Income (Loss),"Interest Expense, Net","Pretax Income (Loss), Adj.",Pretax Income (Loss),"Income Tax (Expense) Benefit, Net",Income (Loss) from Continuing Operations,Net Income,Net Income (Common),Ticker,Report_Date
USD,2018,2,2018-08-01,2018-08-01,90712929.0,112466463.0,12348695.0,-3288619.0,9060076.0,-5762608.0,-5320604.0,3297468.0,-71558.0,-71558.0,3225910,3225910,-40000.0,3185910,3185910,3185910,CVSI,2018-06-30
USD,2018,3,2018-11-07,2018-11-07,91639488.0,115888788.0,13600881.0,-3655458.0,9945423.0,-6419894.0,-5890332.0,3525529.0,-30556.0,-30556.0,3494973,3494973,-200000.0,3294973,3294973,3294973,CVSI,2018-09-30
USD,2018,4,2019-03-12,2019-03-12,94799020.0,133888879.0,14223659.0,-4913061.0,9310598.0,-6554201.0,-5794471.0,2756397.0,-2614.0,-2614.0,2753783,2753783,147000.0,2900783,2900783,2900783,CVSI,2018-12-31
USD,2019,1,2019-05-09,2019-05-09,95168000.0,95168000.0,14911000.0,-4352000.0,10559000.0,-19937000.0,-18595000.0,-9378000.0,-6000.0,-6000.0,-9384000,-9384000,0.0,-9384000,-9384000,-9384000,CVSI,2019-03-31
USD,2019,2,2019-08-07,2019-08-07,98633000.0,120929000.0,16854000.0,-4903000.0,11951000.0,-10697000.0,-9009000.0,1254000.0,-1000.0,-1000.0,1253000,1253000,-26000.0,1227000,1227000,1227000,CVSI,2019-06-30
USD,2019,3,2019-11-06,2020-11-06,98733000.0,98733000.0,12603000.0,-4175000.0,8428000.0,-10201000.0,-8657000.0,-1773000.0,7000.0,7000.0,-1766000,-1766000,-3000.0,-1769000,-1769000,-1769000,CVSI,2019-09-30
USD,2019,4,2020-03-30,2020-03-30,98910000.0,76614000.0,9328000.0,-5178000.0,4150000.0,-11493000.0,-10190000.0,-7343000.0,15000.0,15000.0,-7328000,-7328000,644000.0,-6684000,-6684000,-6684000,CVSI,2019-12-31
USD,2020,1,2020-05-08,2021-05-13,99678000.0,99678000.0,8270000.0,-4262000.0,4008000.0,-9328000.0,-7819000.0,-5320000.0,10000.0,10000.0,-5310000,-5310000,158000.0,-5152000,-5152000,-5152000,CVSI,2020-03-31
USD,2020,2,2020-08-07,2020-08-07,99863000.0,99863000.0,5396000.0,-3074000.0,2322000.0,-6979000.0,-6233000.0,-4657000.0,-4000.0,-4000.0,-4661000,-4661000,-20000.0,-4681000,-4681000,-4681000,CVSI,2020-06-30
