Currency,Fiscal Year,Fiscal Period,Publish Date,Restated Date,Shares (Basic),Shares (Diluted),Revenue,Cost of Revenue,Gross Profit,Operating Expenses,"Selling, General & Administrative",Operating Income (Loss),Non-Operating Income (Loss),"Interest Expense, Net","Pretax Income (Loss), Adj.",Pretax Income (Loss),"Income Tax (Expense) Benefit, Net",Income (Loss) from Continuing Operations,Net Income,Net Income (Common),Ticker,Report_Date
USD,2015,4,2015-11-12,2016-11-15,64650000.0,64927000.0,363176000.0,-127684000.0,235492000.0,-56920000.0,-14610000.0,178572000.0,-12516000.0,-12516000.0,166056000,166115000,-15421000.0,150694000,150694000,150694000,ATW,2015-09-30
USD,2016,1,2016-02-03,2017-02-06,64765000.0,64921000.0,307819000.0,-138938000.0,168881000.0,-58004000.0,-15177000.0,110877000.0,4219000.0,-13757000.0,115096000,50295000,-11214000.0,39081000,39081000,39081000,ATW,2015-12-31
USD,2016,2,2016-05-06,2017-05-09,64781000.0,64825000.0,296351000.0,-99041000.0,197310000.0,-51404000.0,-11488000.0,145906000.0,-17092000.0,-17092000.0,128814000,136426000,-13989000.0,122437000,122437000,122437000,ATW,2016-03-31
USD,2016,3,2016-08-02,2016-08-02,64795000.0,64847000.0,227797000.0,-86013000.0,141784000.0,-53128000.0,-12028000.0,88656000.0,-19665000.0,-19665000.0,68991000,120116000,-20611000.0,99505000,99505000,99505000,ATW,2016-06-30
USD,2016,4,2016-11-15,2016-11-15,64815000.0,64763000.0,188677000.0,-82834000.0,105843000.0,-53384000.0,-11857000.0,52459000.0,-18030000.0,-18031000.0,34429000,5918000,-1669000.0,4249000,4249000,4249000,ATW,2016-09-30
USD,2017,1,2017-02-06,2017-02-06,64879000.0,65171000.0,157556000.0,-72272000.0,85284000.0,-56998000.0,-15190000.0,28286000.0,-16289000.0,-16289000.0,11997000,12064000,-2393000.0,9671000,9671000,9671000,ATW,2016-12-31
USD,2017,2,2017-05-09,2017-05-09,78270000.0,78270000.0,167706000.0,-68951000.0,98755000.0,-53888000.0,-12445000.0,44867000.0,-13272000.0,-13272000.0,31595000,-27316000,-1546000.0,-28862000,-28862000,-28862000,ATW,2017-03-31
USD,2017,3,2017-08-03,2017-08-03,80542000.0,80542000.0,117234000.0,-51427000.0,65807000.0,-54057000.0,-15557000.0,11750000.0,-12928000.0,-12928000.0,-1178000,-1768000,-2581000.0,-4349000,-4349000,-4349000,ATW,2017-06-30
