Currency,Fiscal Year,Fiscal Period,Publish Date,Restated Date,Shares (Basic),Shares (Diluted),Revenue,Cost of Revenue,Gross Profit,Operating Expenses,"Selling, General & Administrative",Operating Income (Loss),Non-Operating Income (Loss),"Interest Expense, Net","Pretax Income (Loss), Adj.",Pretax Income (Loss),"Income Tax (Expense) Benefit, Net",Income (Loss) from Continuing Operations,Net Income,Net Income (Common),Ticker,Report_Date
USD,2019,1,2018-11-13,2018-11-13,7031400.0,7091900.0,1565090000.0,-1556615000.0,8475000.0,-7719000.0,-7719000.0,756000.0,1247000.0,999000.0,2003000,1933000,-499000.0,1434000,1481000,1481000,AMRK,2018-09-30
USD,2019,2,2019-02-12,2019-02-12,7031000.0,7086000.0,1100912000.0,-1092595000.0,8317000.0,-8103000.0,-8103000.0,214000.0,678000.0,-4000.0,892000,944000,-242000.0,702000,577000,577000,AMRK,2018-12-31
USD,2019,3,2019-05-10,2019-05-10,7031000.0,7084000.0,1266986000.0,-1258270000.0,8716000.0,-8258000.0,-8258000.0,458000.0,941000.0,568000.0,1399000,1363000,-402000.0,961000,990000,990000,AMRK,2019-03-31
USD,2019,4,2020-01-31,2020-01-31,7030600.0,7078100.0,850169000.0,-843719000.0,6450000.0,-8422000.0,-8422000.0,-1972000.0,955000.0,561000.0,-1017000,-963000,128000.0,-835000,-823000,-823000,AMRK,2019-06-30
USD,2020,1,2019-11-12,2019-11-12,7031000.0,7091000.0,1481014000.0,-1472674000.0,8340000.0,-8270000.0,-8270000.0,70000.0,460000.0,626000.0,530000,408000,-105000.0,303000,128000,128000,AMRK,2019-09-30
USD,2020,2,2020-02-10,2021-02-10,7031400.0,7056000.0,1055590000.0,-1047459000.0,8131000.0,-7870000.0,-7870000.0,261000.0,1301000.0,1151000.0,1562000,1687000,-432000.0,1255000,1234000,1234000,AMRK,2019-12-31
USD,2020,3,2020-05-08,2021-05-14,7031400.0,7042800.0,1258722000.0,-1236247000.0,22475000.0,-10388000.0,-10388000.0,12087000.0,1380000.0,917000.0,13467000,13422000,-1814000.0,11608000,11321000,11321000,AMRK,2020-03-31
USD,2020,4,2020-09-14,2020-09-14,7032200.0,7132200.0,1665768000.0,-1637741000.0,28027000.0,-10228000.0,-10228000.0,17799000.0,4463000.0,-316000.0,22262000,22361000,-4036000.0,18325000,17826000,17826000,AMRK,2020-06-30
