Currency,Fiscal Year,Fiscal Period,Publish Date,Restated Date,Shares (Basic),Shares (Diluted),Revenue,Cost of Revenue,Gross Profit,Operating Expenses,"Selling, General & Administrative",Operating Income (Loss),Non-Operating Income (Loss),"Interest Expense, Net","Pretax Income (Loss), Adj.",Pretax Income (Loss),"Income Tax (Expense) Benefit, Net",Income (Loss) from Continuing Operations,Net Income,Net Income (Common),Ticker,Report_Date
USD,2018,3,2018-10-31,2019-10-30,37886000.0,39052000.0,175798000.0,-115312000.0,60486000.0,-29034000.0,-20770000.0,31452000.0,-928000.0,-748000.0,30524000,30524000,-5788000.0,24736000,24312000,24312000,FOXF,2018-09-30
USD,2018,4,2019-02-26,2021-02-25,37987000.0,39081000.0,156810000.0,-105857000.0,50953000.0,-28100000.0,-19774000.0,22853000.0,-882000.0,-681000.0,21971000,21971000,-1603000.0,20368000,20135000,20135000,FOXF,2018-12-31
USD,2019,1,2019-05-01,2020-05-06,38041000.0,39097000.0,161700000.0,-110643000.0,51057000.0,-29238000.0,-20442000.0,21819000.0,-816000.0,-829000.0,21003000,21003000,-2601000.0,18402000,18103000,18103000,FOXF,2019-03-31
USD,2019,2,2019-07-31,2020-08-05,38286000.0,39181000.0,192122000.0,-129902000.0,62220000.0,-32749000.0,-23422000.0,29471000.0,-1587000.0,-1005000.0,27884000,27884000,-4522000.0,23362000,22921000,22921000,FOXF,2019-06-30
USD,2019,3,2019-10-30,2020-11-10,38451000.0,39174000.0,211317000.0,-141500000.0,69817000.0,-34457000.0,-24387000.0,35360000.0,-711000.0,-748000.0,34649000,34649000,-4473000.0,30176000,29487000,29487000,FOXF,2019-09-30
USD,2019,4,2020-03-03,2021-02-25,38554000.0,39168000.0,185881000.0,-126240000.0,59641000.0,-33482000.0,-23542000.0,26159000.0,-1126000.0,-591000.0,25033000,25033000,-2503000.0,22530000,22522000,22522000,FOXF,2019-12-31
USD,2020,1,2020-05-06,2021-05-06,38571000.0,39151000.0,184361000.0,-127746000.0,56615000.0,-45048000.0,-34476000.0,11567000.0,-1909000.0,-1847000.0,9658000,9658000,-920000.0,8738000,8250000,8250000,FOXF,2020-03-31
USD,2020,2,2020-08-05,2020-08-05,38991000.0,39584000.0,183102000.0,-123116000.0,59986000.0,-40627000.0,-27127000.0,19359000.0,-2963000.0,-2892000.0,16396000,16396000,-3204000.0,13192000,12608000,12608000,FOXF,2020-06-30
