Currency,Fiscal Year,Fiscal Period,Publish Date,Restated Date,Shares (Basic),Shares (Diluted),Revenue,Cost of Revenue,Gross Profit,Operating Expenses,"Selling, General & Administrative",Operating Income (Loss),Non-Operating Income (Loss),"Interest Expense, Net","Pretax Income (Loss), Adj.",Pretax Income (Loss),"Income Tax (Expense) Benefit, Net",Income (Loss) from Continuing Operations,Net Income,Net Income (Common),Ticker,Report_Date
USD,2015,2,2015-06-10,2016-06-08,80826518.0,82871129.0,1079289000.0,-686086000.0,393203000.0,-237294000.0,-205257000.0,155909000.0,-21935000.0,-20241000.0,133974000,133974000,-43660000.0,90314000,90314000,90314000,VAL_delist,2015-04-30
USD,2015,3,2015-09-09,2016-09-07,80020089.0,81999701.0,1149126000.0,-737843000.0,411283000.0,-245555000.0,-210604000.0,165728000.0,-22692000.0,-22622000.0,143036000,143036000,-40174000.0,102862000,102862000,102862000,VAL_delist,2015-07-31
USD,2015,4,2015-12-18,2016-12-20,79147730.0,81049103.0,1149538000.0,-735927000.0,413611000.0,-244617000.0,-210842000.0,168994000.0,-24209000.0,-22170000.0,144785000,144785000,-42429000.0,102356000,102356000,102356000,VAL_delist,2015-10-31
USD,2016,1,2016-03-09,2017-03-08,78760765.0,80612302.0,885756000.0,-567129000.0,318627000.0,-224919000.0,-192391000.0,93708000.0,-23030000.0,-22415000.0,70678000,70678000,-18247000.0,52431000,52431000,52431000,VAL_delist,2016-01-31
USD,2016,2,2016-06-08,2017-05-31,78955687.0,80878849.0,1056797000.0,-655356000.0,401441000.0,-270516000.0,-234925000.0,130925000.0,-23540000.0,-22789000.0,107385000,107385000,-27358000.0,80027000,80027000,80027000,VAL_delist,2016-04-30
USD,2016,3,2016-09-07,2016-09-07,79124763.0,81185695.0,1141942000.0,-719995000.0,421947000.0,-251606000.0,-210779000.0,170341000.0,-23185000.0,-23082000.0,147156000,147156000,-30168000.0,116988000,116988000,116988000,VAL_delist,2016-07-31
USD,2016,4,2016-12-20,2016-12-20,79198605.0,81403058.0,1106057000.0,-712488000.0,393569000.0,-259504000.0,-229132000.0,134065000.0,-24765000.0,-22274000.0,109300000,109300000,-5706000.0,103594000,103594000,103594000,VAL_delist,2016-10-31
USD,2017,1,2017-03-08,2017-03-08,79269937.0,81341377.0,907652000.0,-597133000.0,310519000.0,-235928000.0,-202707000.0,74591000.0,-21868000.0,-22544000.0,52723000,52723000,-11976000.0,40747000,40747000,40747000,VAL_delist,2017-01-31
USD,2017,2,2017-05-31,2017-05-31,79347312.0,81504531.0,1095833000.0,-719926000.0,375907000.0,-247869000.0,-212382000.0,128038000.0,-20698000.0,-22844000.0,107340000,107340000,-31793000.0,75547000,75547000,75547000,VAL_delist,2017-04-30
