Currency,Fiscal Year,Fiscal Period,Publish Date,Restated Date,Shares (Basic),Shares (Diluted),Revenue,Cost of Revenue,Gross Profit,Operating Expenses,"Selling, General & Administrative",Operating Income (Loss),Non-Operating Income (Loss),"Interest Expense, Net","Pretax Income (Loss), Adj.",Pretax Income (Loss),"Income Tax (Expense) Benefit, Net",Income (Loss) from Continuing Operations,Net Income,Net Income (Common),Ticker,Report_Date
USD,2018,3,2018-10-31,2018-10-31,34168000.0,35665000.0,293879000.0,-163763000.0,130116000.0,-92319000.0,-60371000.0,37797000.0,-20217000.0,-20244000.0,17580000,5111000,10193000.0,15304000,15304000,15304000,ENVA,2018-09-30
USD,2018,4,2019-02-27,2021-02-26,34151000.0,35096000.0,171143000.0,-109595000.0,61548000.0,-28605000.0,-28394000.0,32943000.0,-20145000.0,-20092000.0,12798000,4986000,-2841000.0,2145000,8671000,8671000,ENVA,2018-12-31
USD,2019,1,2019-05-01,2019-05-01,33481000.0,34421000.0,293183000.0,-139045000.0,154138000.0,-87019000.0,-53235000.0,67119000.0,-19643000.0,-19500000.0,47476000,45155000,-10138000.0,35017000,35017000,35017000,ENVA,2019-03-31
USD,2019,2,2019-07-31,2019-07-31,33826000.0,34469000.0,285700000.0,-138297000.0,147403000.0,-97133000.0,-60780000.0,50270000.0,-18153000.0,-18115000.0,32117000,32117000,-7054000.0,25063000,25063000,25063000,ENVA,2019-06-30
USD,2019,3,2019-10-30,2019-10-30,33997000.0,34577000.0,329513000.0,-171266000.0,158247000.0,-103806000.0,-65780000.0,54441000.0,-18244000.0,-18232000.0,36197000,36197000,-9112000.0,27085000,27085000,27085000,ENVA,2019-09-30
USD,2019,4,2020-02-27,2020-02-27,33556000.0,34125000.0,266361000.0,-154286000.0,112075000.0,-35695000.0,-44541000.0,76380000.0,-19780000.0,-19757000.0,56600000,56600000,-15749000.0,40851000,-50553000,-50553000,ENVA,2019-12-31
USD,2020,1,2020-05-05,2021-05-03,32337000.0,32833000.0,362252000.0,-235719000.0,126533000.0,-97445000.0,-62509000.0,29088000.0,-20340000.0,-20381000.0,8748000,8748000,-3000000.0,5748000,5460000,5460000,ENVA,2020-03-31
USD,2020,2,2020-07-29,2020-07-29,30203000.0,30352000.0,253061000.0,-120672000.0,132389000.0,-45832000.0,-25324000.0,86557000.0,-20390000.0,-20372000.0,66167000,66167000,-18141000.0,48026000,48026000,48026000,ENVA,2020-06-30
