Currency,Fiscal Year,Fiscal Period,Publish Date,Restated Date,Shares (Basic),Shares (Diluted),Revenue,Cost of Revenue,Gross Profit,Operating Expenses,"Selling, General & Administrative",Operating Income (Loss),Non-Operating Income (Loss),"Interest Expense, Net","Pretax Income (Loss), Adj.",Pretax Income (Loss),"Income Tax (Expense) Benefit, Net",Income (Loss) from Continuing Operations,Net Income,Net Income (Common),Ticker,Report_Date
USD,2018,3,2018-11-02,2018-11-02,192359000.0,192359000.0,211651000.0,-67434000.0,144217000.0,-180658000.0,-118538000.0,-36441000.0,-11916000.0,-10492000.0,-48357000,-48357000,-1680000.0,-50037000,-50037000,-50037000,FEYE,2018-09-30
USD,2018,4,2019-02-25,2019-02-25,194701000.0,194701000.0,217533000.0,-69830000.0,147703000.0,-184404000.0,-122153000.0,-36701000.0,-10316000.0,-9902000.0,-47017000,-47017000,-1380000.0,-48397000,-48397000,-48397000,FEYE,2018-12-31
USD,2019,1,2019-05-03,2019-05-03,197819000.0,197819000.0,210544000.0,-71568000.0,138976000.0,-198667000.0,-131272000.0,-59691000.0,-9703000.0,-9415000.0,-69394000,-73193000,-2182000.0,-75375000,-75375000,-75375000,FEYE,2019-03-31
USD,2019,2,2019-08-02,2019-08-02,204109000.0,204109000.0,217608000.0,-77393000.0,140215000.0,-196958000.0,-129420000.0,-56743000.0,-10040000.0,-9270000.0,-66783000,-66783000,-540000.0,-67323000,-67323000,-67323000,FEYE,2019-06-30
USD,2019,3,2019-11-01,2019-11-01,212207000.0,212207000.0,225914000.0,-79220000.0,146694000.0,-194929000.0,-126072000.0,-48235000.0,-10239000.0,-10279000.0,-58474000,-64955000,-540000.0,-65495000,-65495000,-65495000,FEYE,2019-09-30
USD,2019,4,2020-02-21,2020-02-21,214801000.0,214801000.0,235086000.0,-80711000.0,154375000.0,-189475000.0,-121939000.0,-35100000.0,-11703000.0,-10946000.0,-46803000,-46788000,-2428000.0,-49216000,-49216000,-49216000,FEYE,2019-12-31
USD,2020,1,2020-05-01,2021-04-30,217789000.0,217789000.0,224722000.0,-81586000.0,143136000.0,-195132000.0,-127629000.0,-51996000.0,-12411000.0,-11422000.0,-64407000,-75381000,-925000.0,-76306000,-76306000,-76306000,FEYE,2020-03-31
USD,2020,2,2020-07-31,2020-07-31,221352000.0,221352000.0,229900000.0,-80993000.0,148907000.0,-175919000.0,-115323000.0,-27012000.0,-12612000.0,-12493000.0,-39624000,-52182000,-1094000.0,-53276000,-53276000,-53276000,FEYE,2020-06-30
