Currency,Fiscal Year,Fiscal Period,Publish Date,Restated Date,Shares (Basic),Shares (Diluted),Revenue,Cost of Revenue,Gross Profit,Operating Expenses,"Selling, General & Administrative",Operating Income (Loss),Non-Operating Income (Loss),"Interest Expense, Net","Pretax Income (Loss), Adj.",Pretax Income (Loss),"Income Tax (Expense) Benefit, Net",Income (Loss) from Continuing Operations,Net Income,Net Income (Common),Ticker,Report_Date
USD,2018,3,2018-11-02,2019-11-07,31883029.0,31883029.0,61006000.0,-31740000.0,29266000.0,-37600000.0,-26924000.0,-8334000.0,-3251000.0,-3253000.0,-11585000,-11585000,-13000.0,-11598000,-11598000,-11598000,BNFT,2018-09-30
USD,2018,4,2019-02-26,2021-03-10,32002311.0,32002311.0,74771000.0,-35413000.0,39358000.0,-48995000.0,-35920000.0,-9637000.0,-3323000.0,-3314000.0,-12960000,-12960000,-6000.0,-12966000,-12966000,-12966000,BNFT,2018-12-31
USD,2019,1,2019-05-02,2019-05-02,32056934.0,32056934.0,68299000.0,-32852000.0,35447000.0,-44505000.0,-31415000.0,-9058000.0,-5145000.0,-5154000.0,-14203000,-14203000,-6000.0,-14209000,-14209000,-14209000,BNFT,2019-03-31
USD,2019,2,2019-08-07,2019-08-07,32613718.0,32613718.0,68579000.0,-32802000.0,35777000.0,-45564000.0,-31103000.0,-9787000.0,-5148000.0,-5075000.0,-14935000,-14935000,-3000.0,-14938000,-14938000,-14938000,BNFT,2019-06-30
USD,2019,3,2019-11-07,2019-11-07,32703723.0,32703723.0,71665000.0,-35588000.0,36077000.0,-43387000.0,-29299000.0,-7310000.0,-5250000.0,-5253000.0,-12560000,-12560000,-17000.0,-12577000,-12577000,-12577000,BNFT,2019-09-30
USD,2019,4,2020-03-05,2020-03-05,32784617.0,32784617.0,87143000.0,-42848000.0,44295000.0,-42646000.0,-29561000.0,1649000.0,-5439000.0,-5429000.0,-3790000,-3790000,-1000.0,-3791000,-3791000,-3791000,BNFT,2019-12-31
USD,2020,1,2020-05-08,2021-05-06,32638805.0,32638805.0,66154000.0,-33912000.0,32242000.0,-37913000.0,-26145000.0,-5671000.0,-5460000.0,-5465000.0,-11131000,-11131000,-5000.0,-11136000,-11136000,-11136000,BNFT,2020-03-31
USD,2020,2,2020-08-06,2020-08-06,32058387.0,32058387.0,62174000.0,-30397000.0,31777000.0,-32254000.0,-21209000.0,-477000.0,-5763000.0,-5765000.0,-6240000,-11856000,-6000.0,-11862000,-11862000,-12324000,BNFT,2020-06-30
