Currency,Fiscal Year,Fiscal Period,Publish Date,Restated Date,Shares (Basic),Shares (Diluted),Revenue,Cost of Revenue,Gross Profit,Operating Expenses,"Selling, General & Administrative",Operating Income (Loss),Non-Operating Income (Loss),"Interest Expense, Net","Pretax Income (Loss), Adj.",Pretax Income (Loss),"Income Tax (Expense) Benefit, Net",Income (Loss) from Continuing Operations,Net Income,Net Income (Common),Ticker,Report_Date
USD,2016,3,2016-11-02,2017-10-27,900200000.0,900200000.0,3452100000.0,-1736200000.0,1715900000.0,-1386700000.0,-875600000.0,329200000.0,-191300000.0,-177600000.0,137900000,-597200000,229600000.0,-368500000,-386800000,-386800000,SHPGF,2016-09-30
USD,2016,4,2017-02-22,2018-02-20,905700000.0,928500000.0,3806100000.0,-1053600000.0,2752500000.0,-1406200000.0,-989400000.0,1346300000.0,-153700000.0,-144300000.0,1192600000,575000000,-92300000.0,475900000,457300000,457300000,SHPGF,2016-12-31
USD,2017,1,2017-05-02,2017-05-02,904100000.0,911800000.0,3572300000.0,-1327000000.0,2245300000.0,-1268200000.0,-888900000.0,977100000.0,-134700000.0,-139200000.0,842400000,362400000,-6800000.0,354800000,375000000,375000000,SHPGF,2017-03-31
USD,2017,2,2017-08-03,2017-08-03,906400000.0,912700000.0,3745800000.0,-1108900000.0,2636900000.0,-1441500000.0,-899100000.0,1195400000.0,-137700000.0,-140200000.0,1057700000,261500000,-24300000.0,241500000,240300000,240300000,SHPGF,2017-06-30
USD,2017,3,2017-10-27,2018-11-01,907200000.0,911600000.0,3697600000.0,-1001400000.0,2696200000.0,-1262500000.0,-859700000.0,1433700000.0,-140500000.0,-140300000.0,1293200000,568100000,-13500000.0,551200000,550800000,550800000,SHPGF,2017-09-30
USD,2017,4,2018-02-20,2018-11-01,908300000.0,911900000.0,4144900000.0,-1263500000.0,2881400000.0,-1322000000.0,-883200000.0,1559400000.0,-148900000.0,-149500000.0,1410500000,701400000,2402200000.0,3106000000,3105400000,3105400000,SHPGF,2017-12-31
USD,2018,1,2018-04-26,2018-04-26,909500000.0,912100000.0,3765700000.0,-1132400000.0,2633300000.0,-1210000000.0,-804800000.0,1423300000.0,-101200000.0,-124400000.0,1322100000,593100000,-43300000.0,550600000,550600000,550600000,SHPGF,2018-03-31
USD,2018,2,2018-07-31,2018-07-31,912600000.0,917500000.0,3919500000.0,-1108300000.0,2811200000.0,-1335300000.0,-907700000.0,1475900000.0,-96000000.0,-125000000.0,1379900000,734200000,-124400000.0,615500000,615500000,615500000,SHPGF,2018-06-30
USD,2018,3,2018-11-01,2018-11-01,914000000.0,921100000.0,3871700000.0,-1157600000.0,2714100000.0,-1244000000.0,-836800000.0,1470100000.0,-220000000.0,-123900000.0,1250100000,735800000,-203300000.0,537200000,537200000,537200000,SHPGF,2018-09-30
