Currency,Fiscal Year,Fiscal Period,Publish Date,Restated Date,Shares (Basic),Shares (Diluted),Revenue,Cost of Revenue,Gross Profit,Operating Expenses,"Selling, General & Administrative",Operating Income (Loss),Non-Operating Income (Loss),"Interest Expense, Net","Pretax Income (Loss), Adj.",Pretax Income (Loss),"Income Tax (Expense) Benefit, Net",Income (Loss) from Continuing Operations,Net Income,Net Income (Common),Ticker,Report_Date
USD,2018,3,2018-11-02,2018-11-02,69539000.0,69539000.0,6835960.0,-818000.0,6770520.0,-38555000.0,-11528000.0,-38555000.0,1063000.0,1069000.0,-37492000,-37492000,-19750.0,-37492000,-37492000,-37492000,EPZM,2018-09-30
USD,2018,4,2019-02-26,2019-02-26,79041000.0,79041000.0,9700000.0,-818000.0,9700000.0,-34008000.0,-12170000.0,-24308000.0,1420000.0,1446000.0,-22888000,-22888000,-57000.0,-22945000,-22945000,-22945000,EPZM,2018-12-31
USD,2019,1,2019-05-06,2019-05-06,82424000.0,82424000.0,7891000.0,-818000.0,7891000.0,-38882000.0,-11986000.0,-30991000.0,1652000.0,1658000.0,-29339000,-29339000,-2940000.0,-32279000,-32279000,-32279000,EPZM,2019-03-31
USD,2019,2,2019-08-09,2019-08-09,90876000.0,90876000.0,5900000.0,-818000.0,5900000.0,-56605000.0,-15698000.0,-50705000.0,2240000.0,2253000.0,-48465000,-48465000,-19750.0,-48465000,-48465000,-48465000,EPZM,2019-06-30
USD,2019,3,2019-10-31,2019-10-31,91044000.0,91044000.0,5715000.0,-818000.0,5715000.0,-43668000.0,-17089000.0,-37953000.0,1864000.0,1879000.0,-36089000,-36089000,-19750.0,-36089000,-36089000,-36089000,EPZM,2019-09-30
USD,2019,4,2020-02-27,2020-02-27,95220000.0,95220000.0,4294000.0,-818000.0,4294000.0,-61787000.0,-23530000.0,-57493000.0,1341000.0,1320000.0,-56152000,-56344000,2882000.0,-53462000,-53462000,-56402000,EPZM,2019-12-31
USD,2020,1,2020-05-04,2021-05-06,99616000.0,99616000.0,1354000.0,-614000.0,740000.0,-52090000.0,-26927000.0,-51350000.0,708000.0,756000.0,-50642000,-50937000,-19750.0,-50937000,-50937000,-50937000,EPZM,2020-03-31
USD,2020,2,2020-08-04,2020-08-04,101104000.0,101104000.0,2467000.0,-1022000.0,1445000.0,-59011000.0,-32659000.0,-57566000.0,-584000.0,-569000.0,-58150000,-58451000,-19750.0,-58451000,-58451000,-58451000,EPZM,2020-06-30
