Currency,Fiscal Year,Fiscal Period,Publish Date,Restated Date,Shares (Basic),Shares (Diluted),Revenue,Cost of Revenue,Gross Profit,Operating Expenses,"Selling, General & Administrative",Operating Income (Loss),Non-Operating Income (Loss),"Interest Expense, Net","Pretax Income (Loss), Adj.",Pretax Income (Loss),"Income Tax (Expense) Benefit, Net",Income (Loss) from Continuing Operations,Net Income,Net Income (Common),Ticker,Report_Date
USD,2018,3,2018-10-30,2019-10-30,756537000.0,776002000.0,758111000.0,-243644000.0,514467000.0,-422599000.0,-271835000.0,91868000.0,-4610000.0,-2269000.0,87258000,87258000,701921000.0,789179000,789179000,789179000,TWTR,2018-09-30
USD,2018,4,2019-02-21,2021-02-17,760719000.0,776325000.0,908836000.0,-268345000.0,640491000.0,-433583000.0,-292409000.0,206908000.0,-371000.0,-260000.0,206537000,206537000,48766000.0,255303000,255303000,255303000,TWTR,2018-12-31
USD,2019,1,2019-04-30,2020-05-05,764550000.0,777689000.0,786890000.0,-264011000.0,522879000.0,-429221000.0,-282975000.0,93658000.0,2845000.0,3281000.0,96503000,96503000,94301000.0,190804000,190804000,190804000,TWTR,2019-03-31
USD,2019,2,2019-07-31,2020-08-03,768755000.0,785056000.0,841381000.0,-277965000.0,563416000.0,-487730000.0,-328488000.0,75686000.0,12093000.0,4570000.0,87779000,87779000,1031781000.0,1119560000,1119560000,1119560000,TWTR,2019-06-30
USD,2019,3,2019-10-30,2019-10-30,772789000.0,790523000.0,823717000.0,-281057000.0,542660000.0,-498515000.0,-319962000.0,44145000.0,3618000.0,4122000.0,47763000,47763000,-11241000.0,36522000,36522000,36522000,TWTR,2019-09-30
USD,2019,4,2020-02-19,2021-02-17,776822000.0,788856000.0,1007341000.0,-314008000.0,693333000.0,-540449000.0,-342209000.0,152884000.0,5210000.0,7550000.0,158094000,158094000,-39321000.0,118773000,118773000,118773000,TWTR,2019-12-31
USD,2020,1,2020-05-05,2021-04-30,780688000.0,780688000.0,807637000.0,-284037000.0,523600000.0,-531043000.0,-330655000.0,-7443000.0,-8092000.0,-373000.0,-15535000,-15535000,7139000.0,-8396000,-8396000,-8396000,TWTR,2020-03-31
USD,2020,2,2020-08-03,2020-08-03,785909000.0,785909000.0,683438000.0,-288039000.0,395399000.0,-669329000.0,-453523000.0,-273930000.0,-15176000.0,-14815000.0,-289106000,-289106000,-1088899000.0,-1378005000,-1378005000,-1378005000,TWTR,2020-06-30
