Currency,Fiscal Year,Fiscal Period,Publish Date,Restated Date,Shares (Basic),Shares (Diluted),Revenue,Cost of Revenue,Gross Profit,Operating Expenses,"Selling, General & Administrative",Operating Income (Loss),Non-Operating Income (Loss),"Interest Expense, Net","Pretax Income (Loss), Adj.",Pretax Income (Loss),"Income Tax (Expense) Benefit, Net",Income (Loss) from Continuing Operations,Net Income,Net Income (Common),Ticker,Report_Date
USD,2016,2,2016-08-08,2017-08-09,86836000.0,87500000.0,1605374000.0,-1010227000.0,595147000.0,-483910000.0,-283610000.0,111237000.0,-57567000.0,-58053000.0,53670000,45811000,-17851000.0,27960000,23789000,23789000,KND,2016-06-30
USD,2016,3,2016-11-09,2017-11-06,86869000.0,86869000.0,1563276000.0,-1029937000.0,533339000.0,-462158000.0,-262051000.0,71181000.0,-58059000.0,-59856000.0,13122000,-365617000,-283630000.0,-649247000,-685613000,-685613000,KND,2016-09-30
USD,2016,4,2017-02-28,2018-03-01,86905000.0,85582000.0,1285908000.0,-876252000.0,409656000.0,-336869000.0,-208161000.0,72787000.0,-58633000.0,-59204000.0,14154000,-1293000,-945000.0,-2238000,-15407000,-15407000,KND,2016-12-31
USD,2017,1,2017-05-09,2018-05-08,87085000.0,87085000.0,1539490000.0,-993457000.0,546033000.0,-464177000.0,-275503000.0,81856000.0,-58819000.0,-59328000.0,23037000,12557000,-2234000.0,10323000,-5748000,-5748000,KND,2017-03-31
USD,2017,2,2017-08-09,2017-08-09,87506000.0,87506000.0,1532022000.0,-985209000.0,546813000.0,-471681000.0,-266156000.0,75132000.0,-58573000.0,-60801000.0,16559000,-124320000,16116000.0,-108204000,-409118000,-409118000,KND,2017-06-30
USD,2017,3,2017-11-06,2017-11-06,87597000.0,87597000.0,1477141000.0,-976861000.0,500280000.0,-438953000.0,-258834000.0,61327000.0,-60441000.0,-61146000.0,886000,-19614000,1225000.0,-18389000,-95786000,-95786000,KND,2017-09-30
USD,2017,4,2018-04-27,2018-04-27,87912000.0,87912000.0,1485470000.0,-959653000.0,525817000.0,-437062000.0,-269271000.0,88755000.0,-60079000.0,-60136000.0,28676000,-272940000,142009000.0,-130931000,-187700000,-187700000,KND,2017-12-31
USD,2018,1,2018-05-08,2018-05-08,88526000.0,88526000.0,1513789000.0,-992039000.0,521750000.0,-425271000.0,-265372000.0,96479000.0,-60835000.0,-61032000.0,35644000,27535000,-1228000.0,26307000,-1705000,-1705000,KND,2018-03-31
