Currency,Fiscal Year,Fiscal Period,Publish Date,Restated Date,Shares (Basic),Shares (Diluted),Revenue,Cost of Revenue,Gross Profit,Operating Expenses,"Selling, General & Administrative",Operating Income (Loss),Non-Operating Income (Loss),"Interest Expense, Net","Pretax Income (Loss), Adj.",Pretax Income (Loss),"Income Tax (Expense) Benefit, Net",Income (Loss) from Continuing Operations,Net Income,Net Income (Common),Ticker,Report_Date
USD,2018,4,2019-02-21,2021-02-18,368450000.0,384455000.0,651990000.0,-130158000.0,521832000.0,-303279000.0,-12393000.0,218553000.0,-96022000.0,-91906000.0,122531000,122499000,-111000.0,122388000,117187000,116415000,EQR,2018-12-31
USD,2019,1,2019-05-06,2019-05-06,369558000.0,385184000.0,662494000.0,-141466000.0,521028000.0,-311038000.0,-15381000.0,209990000.0,-100475000.0,-94938000.0,109515000,109495000,-238000.0,109257000,104539000,103766000,EQR,2019-03-31
USD,2019,2,2019-08-02,2019-08-02,370342000.0,386107000.0,669517000.0,-132830000.0,536687000.0,-306283000.0,-14329000.0,230404000.0,-47892000.0,-108902000.0,182512000,321545000,-246000.0,321299000,308968000,308196000,EQR,2019-06-30
USD,2019,3,2019-10-30,2019-10-30,370768000.0,386896000.0,685145000.0,-136906000.0,548239000.0,-310441000.0,-11417000.0,237798000.0,-92151000.0,-85936000.0,145647000,278111000,-265000.0,277846000,267106000,266333000,EQR,2019-09-30
USD,2019,4,2020-02-20,2020-02-20,371176000.0,387145000.0,683535000.0,-130987000.0,552548000.0,-322217000.0,-11630000.0,230331000.0,-110259000.0,-100300000.0,120072000,298276000,3030000.0,301306000,289764000,288992000,EQR,2019-12-31
USD,2020,1,2020-05-07,2021-04-30,371582000.0,386949000.0,682305000.0,-143525000.0,538780000.0,-324672000.0,-14518000.0,214108000.0,-89361000.0,-85590000.0,124747000,332724000,-53000.0,332671000,308606000,307833000,EQR,2020-03-31
USD,2020,2,2020-08-03,2020-08-03,371795000.0,385913000.0,653532000.0,-128060000.0,525472000.0,-312849000.0,-11835000.0,212623000.0,-85221000.0,-81885000.0,127402000,271668000,-187000.0,271481000,260888000,260116000,EQR,2020-06-30
