Currency,Fiscal Year,Fiscal Period,Publish Date,Restated Date,Shares (Basic),Shares (Diluted),Revenue,Cost of Revenue,Gross Profit,Operating Expenses,"Selling, General & Administrative",Operating Income (Loss),Non-Operating Income (Loss),"Interest Expense, Net","Pretax Income (Loss), Adj.",Pretax Income (Loss),"Income Tax (Expense) Benefit, Net",Income (Loss) from Continuing Operations,Net Income,Net Income (Common),Ticker,Report_Date
USD,2018,2,2018-08-02,2018-08-02,97830000.0,101510000.0,173384000.0,-37637000.0,135747000.0,-92826000.0,-77125000.0,42921000.0,8165000.0,2971000.0,51086000,50304000,-5327000.0,44977000,44977000,44977000,GMED,2018-06-30
USD,2018,3,2018-11-08,2018-11-08,98328000.0,101804000.0,169236000.0,-37849000.0,131387000.0,-92818000.0,-75131000.0,38569000.0,4296000.0,3852000.0,42865000,42597000,-7389000.0,35208000,35208000,35208000,GMED,2018-09-30
USD,2018,4,2019-02-21,2019-02-21,98538000.0,101454000.0,195938000.0,-45954000.0,149984000.0,-100461000.0,-83641000.0,49523000.0,4375000.0,4164000.0,53898000,47627000,-10876000.0,36751000,36751000,36751000,GMED,2018-12-31
USD,2019,1,2019-05-02,2019-05-02,98727000.0,101367000.0,182947000.0,-41838000.0,141109000.0,-103451000.0,-85784000.0,37658000.0,4572000.0,4159000.0,42230000,41651000,-8441000.0,33210000,33210000,33210000,GMED,2019-03-31
USD,2019,2,2019-08-01,2019-08-01,99023000.0,101582000.0,194539000.0,-43990000.0,150549000.0,-107574000.0,-88379000.0,42975000.0,4224000.0,4417000.0,47199000,47093000,-8930000.0,38163000,38163000,38163000,GMED,2019-06-30
USD,2019,3,2019-11-06,2019-11-06,99238000.0,102100000.0,196215000.0,-45387000.0,150828000.0,-106583000.0,-88455000.0,44245000.0,4691000.0,4377000.0,48936000,46752000,-8445000.0,38307000,38307000,38307000,GMED,2019-09-30
USD,2019,4,2020-03-02,2020-03-02,99612000.0,102943000.0,211667000.0,-48760000.0,162907000.0,-111031000.0,-92139000.0,51876000.0,4470000.0,4453000.0,56346000,54450000,-8920000.0,45530000,45530000,45530000,GMED,2019-12-31
USD,2020,1,2020-05-07,2021-05-04,99635000.0,102146000.0,190577000.0,-48864000.0,141713000.0,-112717000.0,-93539000.0,28996000.0,4050000.0,4324000.0,33046000,32498000,-6549000.0,25949000,25949000,25949000,GMED,2020-03-31
USD,2020,2,2020-08-05,2020-08-05,97509000.0,97509000.0,148922000.0,-50643000.0,98279000.0,-123589000.0,-80019000.0,-25310000.0,3621000.0,3590000.0,-21689000,-21942000,1105000.0,-20837000,-20837000,-20837000,GMED,2020-06-30
