Currency,Fiscal Year,Fiscal Period,Publish Date,Restated Date,Shares (Basic),Shares (Diluted),Revenue,Cost of Revenue,Gross Profit,Operating Expenses,"Selling, General & Administrative",Operating Income (Loss),Non-Operating Income (Loss),"Interest Expense, Net","Pretax Income (Loss), Adj.",Pretax Income (Loss),"Income Tax (Expense) Benefit, Net",Income (Loss) from Continuing Operations,Net Income,Net Income (Common),Ticker,Report_Date
USD,2019,1,2019-05-02,2020-05-08,142895472.0,144753421.0,140700000.0,-56800000.0,83900000.0,-96300000.0,-11900000.0,-12400000.0,-16100000.0,-55300000.0,-28500000,5600000,-4000000.0,1600000,-5300000,-5300000,KW,2019-03-31
USD,2019,2,2019-08-01,2020-08-06,139531198.0,141899851.0,143700000.0,-49000000.0,94700000.0,-94800000.0,-11600000.0,-100000.0,-47900000.0,-55700000.0,-48000000,162100000,-20900000.0,141200000,50800000,50800000,KW,2019-06-30
USD,2019,3,2019-10-31,2020-11-05,139947518.0,140538139.0,143000000.0,-56300000.0,86700000.0,-91600000.0,-9600000.0,-4900000.0,32200000.0,-51800000.0,27300000,29600000,-10200000.0,19400000,20700000,20700000,KW,2019-09-30
USD,2019,4,2020-02-28,2021-02-26,139908379.0,141667451.0,142300000.0,-52100000.0,90200000.0,-102900000.0,-13100000.0,-12700000.0,-3200000.0,-52300000.0,-15900000,165200000,-6300000.0,158900000,160500000,157900000,KW,2019-12-31
USD,2020,1,2020-05-08,2021-05-06,140210705.0,140210705.0,123300000.0,-42700000.0,80600000.0,-87100000.0,-10200000.0,-6500000.0,-37900000.0,-48800000.0,-44400000,-200000,-5700000.0,-5900000,-5600000,-9900000,KW,2020-03-31
USD,2020,2,2020-08-06,2020-08-06,140214167.0,140214167.0,106900000.0,-34200000.0,72700000.0,-81600000.0,-8900000.0,-8900000.0,-32600000.0,-51700000.0,-41500000,-42300000,3200000.0,-39100000,-37800000,-42100000,KW,2020-06-30
