SimFinId,Currency,Fiscal Year,Fiscal Period,Publish Date,Restated Date,Shares (Basic),Shares (Diluted),Revenue,Cost of Revenue,Gross Profit,Operating Expenses,"Selling, General & Administrative",Research & Development,Depreciation & Amortization,Operating Income (Loss),Non-Operating Income (Loss),"Interest Expense, Net","Pretax Income (Loss), Adj.",Abnormal Gains (Losses),Pretax Income (Loss),"Income Tax (Expense) Benefit, Net",Income (Loss) from Continuing Operations,Net Extraordinary Gains (Losses),Net Income,Net Income (Common),Ticker,Report_Date
136608,USD,2009,Q3,2009-11-05,2010-11-08,65295000.0,65295000.0,44926000.0,-3827000.0,41099000.0,-78897000.0,-73430000.0,,-5467000.0,-37798000.0,-6318000.0,-10741000.0,-44116000,-2982000.0,-47098000,-10813000.0,-57798000,,-57798000,-57798000,BID,2009-09-30
136608,USD,2009,Q4,2010-03-01,2012-02-29,65376000.0,65376000.0,218283000.0,-19943000.0,198340000.0,-98277000.0,-92643000.0,,-5634000.0,100063000.0,-5443000.0,-10176000.0,94620000,-1147000.0,93473000,-19927000.0,73581000,,73581000,73581000,BID,2009-12-31
136608,USD,2010,Q1,2010-05-06,2011-05-09,65995000.0,65995000.0,101879000.0,-8659000.0,93220000.0,-85316000.0,-80945000.0,,-4371000.0,7904000.0,-11205000.0,-11266000.0,-3301000,,-3301000,916000.0,-2177000,,-2177000,-2177000,BID,2010-03-31
136608,USD,2010,Q2,2010-08-05,2011-09-02,66337000.0,67041000.0,281410000.0,-27686000.0,253724000.0,-114029000.0,-109948000.0,,-4081000.0,139695000.0,-12265000.0,-11332000.0,127430000,21000.0,127451000,-41248000.0,86239000,,86239000,86239000,BID,2010-06-30
136608,USD,2010,Q3,2010-11-08,2011-11-09,66377000.0,66377000.0,73060000.0,-19538000.0,53522000.0,-82817000.0,-78965000.0,,-3852000.0,-29295000.0,-9335000.0,-11451000.0,-38630000,148000.0,-38482000,18948000.0,-19361000,,-19361000,-19361000,BID,2010-09-30
136608,USD,2010,Q4,2011-02-28,2013-02-28,66563000.0,69875000.0,317960000.0,-29946000.0,288014000.0,-132374000.0,-128186000.0,,-4188000.0,155640000.0,-9323000.0,-11031000.0,146317000,-6406000.0,139911000,-43889000.0,96249000,,96249000,96249000,BID,2010-12-31
136608,USD,2011,Q1,2011-05-09,2012-05-10,66968000.0,69007000.0,119582000.0,-14862000.0,104720000.0,-93767000.0,-89666000.0,,-4101000.0,10953000.0,-7402000.0,-7798000.0,3551000,,3551000,-1031000.0,2421000,,2421000,2421000,BID,2011-03-31
136608,USD,2011,Q2,2011-09-02,2012-08-07,67405000.0,69491000.0,369795000.0,-34605000.0,335190000.0,-144299000.0,-140058000.0,,-4241000.0,190891000.0,-10777000.0,-10012000.0,180114000,-2226000.0,177888000,-50806000.0,127234000,,127234000,127234000,BID,2011-06-30
136608,USD,2011,Q3,2011-11-09,2012-11-08,67410000.0,67410000.0,58210000.0,-11095000.0,47115000.0,-90392000.0,-85931000.0,,-4461000.0,-43277000.0,-10886000.0,-9800000.0,-54163000,-3737000.0,-57900000,28206000.0,-29719000,,-29719000,-29719000,BID,2011-09-30
136608,USD,2011,Q4,2012-02-29,2014-02-27,67345000.0,69492000.0,284249000.0,-32683000.0,251566000.0,-133832000.0,-129031000.0,,-4801000.0,117734000.0,-9488000.0,-9886000.0,108246000,-396000.0,107850000,-36401000.0,71480000,,71480000,71480000,BID,2011-12-31
136608,USD,2012,Q1,2012-05-10,2013-05-09,67457000.0,67457000.0,104959000.0,-9903000.0,95056000.0,-103762000.0,-99542000.0,,-4220000.0,-8706000.0,-7757000.0,-9499000.0,-16463000,,-16463000,5578000.0,-10664000,,-10664000,-10664000,BID,2012-03-31
136608,USD,2012,Q2,2012-08-07,2013-08-06,67753000.0,68416000.0,303949000.0,-33867000.0,270082000.0,-133684000.0,-129350000.0,,-4334000.0,136398000.0,-10918000.0,-9971000.0,125480000,-13000.0,125467000,-39993000.0,85430000,,85430000,85430000,BID,2012-06-30
136608,USD,2012,Q3,2012-11-08,2013-11-12,67771000.0,67771000.0,68461000.0,-6778000.0,61683000.0,-99617000.0,-94927000.0,,-4690000.0,-37934000.0,-8514000.0,-10110000.0,-46448000,25000.0,-46423000,13841000.0,-32565000,,-32565000,-32565000,BID,2012-09-30
136608,USD,2012,Q4,2013-02-28,2015-03-02,67783000.0,70464000.0,291123000.0,-36235000.0,254888000.0,-130229000.0,-125531000.0,,-4698000.0,124659000.0,-12774000.0,-13299000.0,111885000,-15030000.0,96855000,-30821000.0,66091000,,66091000,66091000,BID,2012-12-31
136608,USD,2013,Q1,2013-05-09,2014-05-07,67951000.0,67951000.0,101745000.0,-9149000.0,92596000.0,-113909000.0,-109393000.0,,-4516000.0,-21313000.0,-10430000.0,-12129000.0,-31743000,0.0,-31743000,9396000.0,-22345000,,-22345000,-22345000,BID,2013-03-31
136608,USD,2013,Q2,2013-08-06,2014-08-08,68306000.0,68889000.0,304868000.0,-35258000.0,269610000.0,-136296000.0,-131495000.0,,-4801000.0,133314000.0,-10864000.0,-10696000.0,122450000,0.0,122450000,-30707000.0,91729000,,91729000,91729000,BID,2013-06-30
136608,USD,2013,Q3,2013-11-12,2014-11-10,68361000.0,68361000.0,107864000.0,-29696000.0,78168000.0,-112529000.0,-107604000.0,,-4925000.0,-34361000.0,-7499000.0,-8481000.0,-41860000,0.0,-41860000,11698000.0,-30131000,,-30131000,-30131000,BID,2013-09-30
136608,USD,2013,Q4,2014-02-27,2016-02-26,68878000.0,71499000.0,339201000.0,-40798000.0,298403000.0,-152096000.0,-146903000.0,,-5193000.0,146307000.0,-8089000.0,-8605000.0,138218000,-1372000.0,136846000,-46089000.0,90753000,,90753000,90753000,BID,2013-12-31
136608,USD,2014,Q1,2014-05-07,2015-05-11,69143000.0,69143000.0,156811000.0,-35649000.0,121162000.0,-111368000.0,-106221000.0,,-5147000.0,9794000.0,-9809000.0,-8367000.0,-15000,-5703000.0,-5718000,-331000.0,-5895000,,-6114000,-6114000,BID,2014-03-31
136608,USD,2014,Q2,2014-08-08,2015-08-07,68938000.0,69491000.0,335817000.0,-41159000.0,294658000.0,-145673000.0,-140607000.0,,-5066000.0,148985000.0,-7672000.0,-8366000.0,141313000,-18554000.0,122759000,-45344000.0,77645000,,77632000,77632000,BID,2014-06-30
136608,USD,2014,Q3,2014-11-10,2015-11-09,68990000.0,68990000.0,94201000.0,-16635000.0,77566000.0,-104919000.0,-99762000.0,,-5157000.0,-27353000.0,-6698000.0,-8136000.0,-34051000,-10116000.0,-44167000,16173000.0,-27698000,,-27726000,-27726000,BID,2014-09-30
136608,USD,2014,Q4,2015-03-02,2017-02-27,68993000.0,70800000.0,351224000.0,-69858000.0,281366000.0,-152502000.0,-139706000.0,,-5205000.0,128864000.0,-8844000.0,-8437000.0,120020000,127000.0,120147000,-46259000.0,73940000,,74003000,74003000,BID,2014-12-31
136608,USD,2015,Q1,2015-05-11,2016-05-09,69090000.0,69705000.0,155675000.0,-26940000.0,128735000.0,-110690000.0,-101719000.0,,-4782000.0,18045000.0,-10491000.0,-8532000.0,7554000,359000.0,7913000,-3924000.0,5133000,,5202000,5202000,BID,2015-03-31
136608,USD,2015,Q2,2015-08-07,2016-08-08,69332000.0,69884000.0,332006000.0,-53593000.0,278413000.0,-162485000.0,-157661000.0,,-4781000.0,115928000.0,-8199000.0,-8444000.0,107729000,530000.0,108259000,-42789000.0,67452000,,67572000,67572000,BID,2015-06-30
136608,USD,2015,Q3,2015-11-09,2016-11-07,67946000.0,67946000.0,137992000.0,-56116000.0,81876000.0,-103669000.0,-98788000.0,,-4881000.0,-21793000.0,-9075000.0,-6959000.0,-30868000,86000.0,-30782000,10078000.0,-17877000,,-17894000,-17894000,BID,2015-09-30
136608,USD,2015,Q4,2016-02-26,2018-03-01,66116000.0,67441000.0,335821000.0,-82140000.0,253681000.0,-128174000.0,-123137000.0,,-5037000.0,125507000.0,-4657000.0,-7034000.0,120850000,-36941000.0,83909000,-94510000.0,-11227000,,-11153000,-11153000,BID,2015-12-31
136608,USD,2016,Q1,2016-05-09,2017-05-10,63022000.0,63022000.0,106531000.0,-24671000.0,81860000.0,-114156000.0,-108860000.0,,-5296000.0,-32296000.0,-7103000.0,-7150000.0,-39399000,307000.0,-39092000,12786000.0,-25910000,,-25884000,-25884000,BID,2016-03-31
136608,USD,2016,Q2,2016-08-08,2017-08-03,57104000.0,57712000.0,298665000.0,-42777000.0,255888000.0,-126036000.0,-120544000.0,,-5492000.0,129852000.0,-6989000.0,-7363000.0,122863000,231000.0,123094000,-34355000.0,88930000,,88964000,88964000,BID,2016-06-30
136608,USD,2016,Q3,2016-11-07,2017-11-03,55013000.0,55013000.0,91492000.0,-39191000.0,52301000.0,-119351000.0,-113925000.0,,-5426000.0,-67050000.0,-6621000.0,-7254000.0,-73671000,176000.0,-73495000,17775000.0,-54500000,,-54470000,-54470000,BID,2016-09-30
136608,USD,2016,Q4,2017-02-27,2019-02-28,52957000.0,54865000.0,361254000.0,-118770000.0,242484000.0,-158965000.0,-153362000.0,,-5603000.0,83519000.0,2812000.0,-7249000.0,86331000,-104000.0,86227000,-22163000.0,65519000,,65502000,65502000,BID,2016-12-31
136608,USD,2017,Q1,2017-05-10,2018-05-03,53016000.0,53016000.0,199309000.0,-97733000.0,101576000.0,-115796000.0,-110412000.0,,-5384000.0,-14220000.0,-5232000.0,-7276000.0,-19452000,162000.0,-19290000,7292000.0,-11331000,,-11325000,-11325000,BID,2017-03-31
136608,USD,2017,Q2,2017-08-03,2018-08-06,52716000.0,53054000.0,339859000.0,-82175000.0,257684000.0,-143529000.0,-137853000.0,,-5676000.0,114155000.0,-6261000.0,-7205000.0,107894000,0.0,107894000,-31468000.0,76892000,,76891000,76891000,BID,2017-06-30
136608,USD,2017,Q3,2017-11-03,2018-11-01,52532000.0,52532000.0,180008000.0,-103723000.0,76285000.0,-117341000.0,-111634000.0,,-5707000.0,-41056000.0,-4659000.0,-7789000.0,-45715000,0.0,-45715000,21328000.0,-23486000,,-23479000,-23479000,BID,2017-09-30
136608,USD,2017,Q4,2018-03-01,2019-02-28,52472000.0,53802000.0,338204000.0,-67301000.0,270903000.0,-164269000.0,-156983000.0,,-7286000.0,106634000.0,-7837000.0,-8764000.0,98797000,0.0,98797000,-22567000.0,76704000,,76709000,76709000,BID,2017-12-31
136608,USD,2018,Q1,2018-05-03,2018-05-03,52464000.0,52464000.0,195796000.0,-53531000.0,142265000.0,-135354000.0,-128254000.0,,-7100000.0,6911000.0,-7524000.0,-8948000.0,-613000,-10855000.0,-11468000,4136000.0,-6526000,,-6522000,-6522000,BID,2018-03-31
136608,USD,2018,Q2,2018-08-06,2018-08-06,51780000.0,52210000.0,345636000.0,-103656000.0,241980000.0,-156008000.0,-148665000.0,,-7343000.0,85972000.0,-5963000.0,-8412000.0,80009000,-6128000.0,73881000,-17838000.0,57277000,,57282000,57282000,BID,2018-06-30
136608,USD,2018,Q3,2018-11-01,2018-11-01,50927000.0,50927000.0,119161000.0,-25944000.0,93217000.0,-120103000.0,-114389000.0,,-5714000.0,-26886000.0,-6410000.0,-9582000.0,-33296000,-3781000.0,-37077000,7759000.0,-27842000,,-27838000,-27838000,BID,2018-09-30
136608,USD,2018,Q4,2019-02-28,2019-02-28,48317000.0,49511000.0,375147000.0,-86519000.0,288628000.0,-162527000.0,-155636000.0,,-6891000.0,126101000.0,-13932000.0,-11575000.0,112169000,-4826000.0,107343000,-21709000.0,85709000,,85712000,85712000,BID,2018-12-31
136608,USD,2019,Q1,2019-05-02,2019-05-02,46422000.0,46422000.0,173465000.0,-38969000.0,134496000.0,-138086000.0,-130395000.0,,-7691000.0,-3590000.0,-11018000.0,-12866000.0,-14608000,19000.0,-14589000,5986000.0,-7075000,,-7071000,-7071000,BID,2019-03-31
136608,USD,2019,Q2,2019-07-30,2019-07-30,46614000.0,47124000.0,361778000.0,-89169000.0,272609000.0,-172343000.0,-164414000.0,,-7929000.0,100266000.0,-11631000.0,-13318000.0,88635000,-5679000.0,82956000,-26808000.0,57001000,,57006000,57006000,BID,2019-06-30
