SimFinId,Currency,Fiscal Year,Fiscal Period,Publish Date,Restated Date,Shares (Basic),Shares (Diluted),Revenue,Cost of Revenue,Gross Profit,Operating Expenses,"Selling, General & Administrative",Research & Development,Depreciation & Amortization,Operating Income (Loss),Non-Operating Income (Loss),"Interest Expense, Net","Pretax Income (Loss), Adj.",Abnormal Gains (Losses),Pretax Income (Loss),"Income Tax (Expense) Benefit, Net",Income (Loss) from Continuing Operations,Net Extraordinary Gains (Losses),Net Income,Net Income (Common),Ticker,Report_Date
124551,USD,2014,Q2,2014-07-31,2015-08-06,42176565.0,42178462.0,212531000.0,-160217000.0,52314000.0,-46104000.0,-9010000.0,,,6210000.0,-3230000.0,-3225000.0,2980000,,2980000,1581000.0,4561000,,4561000,4561000,RYAM,2014-06-30
124551,USD,2014,Q3,2014-11-04,2015-10-29,42167014.0,42247970.0,253695000.0,-198006000.0,55689000.0,-14011000.0,-9493000.0,,,41678000.0,-9526000.0,-9469000.0,32152000,,32152000,-12744000.0,19408000,,19408000,19408000,RYAM,2014-09-30
124551,USD,2014,Q4,2015-01-31,2017-02-24,42146372.0,42355731.0,247964000.0,-187000000.0,60964000.0,-89261000.0,-13240000.0,,,-28297000.0,-9728000.0,-9684000.0,-38025000,0.0,-38025000,14764000.0,-23261000,,-23261000,-23261000,RYAM,2014-12-31
124551,USD,2015,Q1,2015-05-01,2016-05-03,42186130.0,42204774.0,221348000.0,-184476000.0,36872000.0,-12926000.0,-12296000.0,,,23946000.0,-9295000.0,-9324000.0,14651000,0.0,14651000,-4130000.0,10521000,,10521000,10521000,RYAM,2015-03-31
124551,USD,2015,Q2,2015-08-06,2016-08-02,42192913.0,42192913.0,220892000.0,-175871000.0,45021000.0,-36436000.0,-9771000.0,,,8585000.0,-9249000.0,-9299000.0,-664000,0.0,-664000,352000.0,-312000,,-312000,-312000,RYAM,2015-06-30
124551,USD,2015,Q3,2015-10-29,2016-11-01,42199659.0,42321022.0,257590000.0,-187421000.0,70169000.0,-12207000.0,-11596000.0,,,57962000.0,-8906000.0,-8962000.0,49056000,0.0,49056000,-16765000.0,32291000,,32291000,32291000,RYAM,2015-09-30
124551,USD,2015,Q4,2016-02-26,2018-03-01,42200862.0,42172727.0,241554000.0,-191162000.0,50392000.0,-21362000.0,-13999000.0,,,29030000.0,-9209000.0,-9284000.0,19821000,0.0,19821000,-7064000.0,12757000,,12757000,12757000,RYAM,2015-12-31
124551,USD,2016,Q1,2016-05-03,2017-05-03,42205767.0,42272536.0,217729000.0,-177491000.0,40238000.0,-8318000.0,-7378000.0,,,31920000.0,-8670000.0,-8671000.0,23250000,8844000.0,32094000,-11201000.0,20893000,,20893000,20893000,RYAM,2016-03-31
124551,USD,2016,Q2,2016-08-02,2017-08-03,42229476.0,42480021.0,213589000.0,-164786000.0,48803000.0,-10234000.0,-9256000.0,,,38569000.0,-8152000.0,-8267000.0,30417000,0.0,30417000,-11077000.0,19340000,,19340000,19340000,RYAM,2016-06-30
124551,USD,2016,Q3,2016-11-01,2017-11-02,42360326.0,49336106.0,206540000.0,-155997000.0,50543000.0,-9106000.0,-9606000.0,,,41437000.0,-8547000.0,-8727000.0,32890000,0.0,32890000,-11323000.0,21567000,,21567000,19861000,RYAM,2016-09-30
124551,USD,2016,Q4,2017-02-24,2018-03-01,42323675.0,54494621.0,230873000.0,-189184000.0,41689000.0,-15968000.0,-11702000.0,,,25721000.0,-8521000.0,-8962000.0,17200000,0.0,17200000,-5714000.0,11486000,,11486000,7788000,RYAM,2016-12-31
124551,USD,2017,Q1,2017-05-03,2018-05-10,42348148.0,43096360.0,201415000.0,-164046000.0,37369000.0,-10288000.0,-9363000.0,,,27081000.0,-8347000.0,-8828000.0,18734000,-1116000.0,17618000,-7976000.0,9642000,,9642000,6466000,RYAM,2017-03-31
124551,USD,2017,Q2,2017-08-03,2018-08-09,42387578.0,43223599.0,201226000.0,-166929000.0,34297000.0,-19827000.0,-18301000.0,,,14470000.0,-8555000.0,-9209000.0,5915000,946000.0,6861000,-2288000.0,4573000,,4573000,1132000,RYAM,2017-06-30
124551,USD,2017,Q3,2017-11-02,2017-11-02,42427437.0,56034722.0,209717000.0,-178549000.0,31168000.0,-13511000.0,-12640000.0,,,17657000.0,-8350000.0,-9337000.0,9307000,14087000.0,23394000,-7722000.0,15672000,,15672000,12231000,RYAM,2017-09-30
124551,USD,2017,Q4,2018-03-01,2018-03-01,46504309.0,81255127.0,348975000.0,-312564000.0,36411000.0,-38603000.0,-39712000.0,,,-2192000.0,-11404000.0,-13073000.0,-13596000,310418000.0,296822000,-1745000.0,295077000,,295077000,291335000,RYAM,2017-12-31
124551,USD,2018,Q1,2018-05-10,2018-05-10,51127726.0,63977952.0,521992000.0,-441640000.0,80352000.0,-34095000.0,-23192000.0,,,46257000.0,-14152000.0,-14994000.0,32105000,2194000.0,34299000,-9844000.0,24455000,,24455000,21052000,RYAM,2018-03-31
124551,USD,2018,Q2,2018-08-09,2018-08-09,51448438.0,64025456.0,541720000.0,-440242000.0,101478000.0,-35256000.0,-24734000.0,,,66222000.0,-10604000.0,-15169000.0,55618000,16860000.0,72478000,-19089000.0,53389000,,53389000,49949000,RYAM,2018-06-30
124551,USD,2018,Q3,2018-11-08,2018-11-08,50603498.0,63245424.0,544339000.0,-448426000.0,95913000.0,-39763000.0,-31002000.0,,,56150000.0,-15367000.0,-14973000.0,40783000,8334000.0,49117000,-11181000.0,37936000,,37936000,34495000,RYAM,2018-09-30
124551,USD,2018,Q4,2019-03-01,2019-03-01,49230258.0,70340204.0,348943000.0,-335539000.0,13404000.0,-34218000.0,-26061000.0,,,-20814000.0,-10781000.0,-10787000.0,-31595000,2192000.0,-29403000,13074000.0,-16329000,28965000.0,12636000,9120000,RYAM,2018-12-31
124551,USD,2019,Q1,2019-05-09,2019-05-09,48986272.0,48986272.0,482780000.0,-465585000.0,17195000.0,-35664000.0,-28560000.0,,,-18469000.0,-14123000.0,-14774000.0,-32592000,1467000.0,-31125000,9075000.0,-22050000,,-22050000,-25415000,RYAM,2019-03-31
124551,USD,2019,Q2,2019-08-07,2019-08-07,49572055.0,49572055.0,487816000.0,-462369000.0,25447000.0,-33742000.0,-20903000.0,,,-8295000.0,-16350000.0,-15600000.0,-24645000,1177000.0,-23468000,8551000.0,-14917000,,-14917000,-18358000,RYAM,2019-06-30
124551,USD,2019,Q3,2019-11-07,2019-11-07,56089839.0,56089839.0,416129000.0,-399510000.0,16619000.0,-25183000.0,-23416000.0,,,-8564000.0,-11141000.0,-14580000.0,-19705000,846000.0,-18859000,4506000.0,-14353000,137000.0,-14216000,-15993000,RYAM,2019-09-30
124551,USD,2019,Q4,2020-03-02,2020-03-02,63399286.0,63399286.0,388667000.0,-393771000.0,-5104000.0,-42686000.0,-16765000.0,,,-47790000.0,-18677000.0,-15313000.0,-66467000,-8365000.0,-74832000,7544000.0,-67288000,96021000.0,28733000,28734000,RYAM,2019-12-31
124551,USD,2020,Q1,2020-05-07,2021-05-06,62982735.0,62982735.0,409808000.0,-399347000.0,10461000.0,-28266000.0,-20247000.0,,,-17805000.0,-14802000.0,-15225000.0,-32607000,6150000.0,-26457000,1622000.0,-24835000,708000.0,-24127000,-24127000,RYAM,2020-03-31
