SimFinId,Currency,Fiscal Year,Fiscal Period,Publish Date,Restated Date,Shares (Basic),Shares (Diluted),Revenue,Cost of Revenue,Gross Profit,Operating Expenses,"Selling, General & Administrative",Research & Development,Depreciation & Amortization,Operating Income (Loss),Non-Operating Income (Loss),"Interest Expense, Net","Pretax Income (Loss), Adj.",Abnormal Gains (Losses),Pretax Income (Loss),"Income Tax (Expense) Benefit, Net",Income (Loss) from Continuing Operations,Net Extraordinary Gains (Losses),Net Income,Net Income (Common),Ticker,Report_Date
187129,USD,2010,Q2,2010-08-03,2011-08-03,65289617.0,65874284.0,288592000.0,-187828000.0,100764000.0,-70779000.0,-65240000.0,,-5539000.0,29985000.0,-7581000.0,-6847000.0,22404000,,22404000,-7170000.0,15234000,-1139000.0,14454000,14454000,CRL,2010-06-30
187129,USD,2010,Q3,2010-11-04,2011-11-02,62597055.0,62597055.0,270885000.0,-180385000.0,90500000.0,-54032000.0,-48005000.0,,-6027000.0,36468000.0,-14046000.0,-12398000.0,22422000,-30000000.0,-7578000,-16670000.0,-24248000,-986000.0,-24941000,-24941000,CRL,2010-09-30
187129,USD,2010,Q4,2011-02-23,2013-02-27,57210266.0,55560701.0,281652000.0,-187361000.0,94291000.0,-63072000.0,-56913000.0,,-6159000.0,31219000.0,-7824000.0,-9197000.0,23395000,-396378000.0,-372983000,30554000.0,-342429000,-5549000.0,-343564000,-343564000,CRL,2010-12-31
187129,USD,2011,Q1,2011-05-04,2012-05-04,53937948.0,53937948.0,285843000.0,-183205000.0,102638000.0,-60387000.0,-55007000.0,,-5380000.0,42251000.0,-9589000.0,-9652000.0,32662000,,32662000,2715000.0,35377000,-3945000.0,31335000,31335000,CRL,2011-03-31
187129,USD,2011,Q2,2011-08-03,2012-08-07,50991731.0,51680737.0,288263000.0,-181943000.0,106320000.0,-53006000.0,-47209000.0,,-5797000.0,53314000.0,-10509000.0,-10101000.0,42805000,,42805000,-8649000.0,34156000,-1732000.0,32318000,32318000,CRL,2011-06-30
187129,USD,2011,Q3,2011-11-02,2012-11-01,50084850.0,50533747.0,277579000.0,-184863000.0,92716000.0,-55622000.0,-50345000.0,,-5277000.0,37094000.0,-12553000.0,-11806000.0,24541000,,24541000,-5630000.0,18911000,-18000.0,18798000,18798000,CRL,2011-09-30
187129,USD,2011,Q4,2012-02-27,2014-02-25,48277723.0,47139820.0,290962000.0,-190394000.0,100568000.0,-51429000.0,-46087000.0,,-5342000.0,49139000.0,-8993000.0,-9674000.0,40146000,-7492000.0,32654000,-5576000.0,27078000,150000.0,27115000,27115000,CRL,2011-12-31
187129,USD,2012,Q1,2012-05-04,2013-05-08,48254950.0,48254950.0,285981000.0,-181769000.0,104212000.0,-60472000.0,-55977000.0,,-4495000.0,43740000.0,-8594000.0,-8250000.0,35146000,,35146000,-8676000.0,26470000,77000.0,26439000,26439000,CRL,2012-03-31
187129,USD,2012,Q2,2012-08-07,2013-07-31,48029744.0,48412800.0,284723000.0,-181138000.0,103585000.0,-54311000.0,-49900000.0,,-4411000.0,49274000.0,-9274000.0,-7928000.0,40000000,,40000000,-9453000.0,30547000,42000.0,30468000,30468000,CRL,2012-06-30
187129,USD,2012,Q3,2012-11-01,2013-10-30,47625806.0,48108614.0,278686000.0,-185427000.0,93259000.0,-55577000.0,-51047000.0,,-4530000.0,37682000.0,-9287000.0,-8395000.0,28395000,,28395000,-6011000.0,22384000,-182000.0,21972000,21972000,CRL,2012-09-30
187129,USD,2012,Q4,2013-02-27,2015-02-17,47738040.0,46872176.0,280140000.0,-189115000.0,91025000.0,-55956000.0,-51324000.0,,-4632000.0,35069000.0,-8864000.0,-8180000.0,26205000,,26205000,-3488000.0,22717000,-4189000.0,19558000,19558000,CRL,2012-12-31
187129,USD,2013,Q1,2013-05-08,2014-04-30,47658995.0,48436049.0,291238000.0,-187027000.0,104211000.0,-61448000.0,-57199000.0,,-4249000.0,42763000.0,-7115000.0,-8183000.0,35648000,,35648000,-9722000.0,25926000,-155000.0,25578000,25578000,CRL,2013-03-31
187129,USD,2013,Q2,2013-07-31,2014-08-07,48280371.0,48835453.0,292933000.0,-190363000.0,102570000.0,-59382000.0,-54919000.0,,-4463000.0,43188000.0,-6341000.0,-7308000.0,36847000,,36847000,-8219000.0,28628000,-915000.0,27284000,27284000,CRL,2013-06-30
187129,USD,2013,Q3,2013-10-30,2014-10-30,47910649.0,48441165.0,292129000.0,-192203000.0,99926000.0,-59083000.0,-54903000.0,,-4180000.0,40843000.0,1883000.0,-2176000.0,42726000,,42726000,-11390000.0,31336000,-113000.0,30867000,30867000,CRL,2013-09-30
187129,USD,2013,Q4,2014-02-25,2016-02-12,47109985.0,45247333.0,289228000.0,-201033000.0,88195000.0,-63588000.0,-58674000.0,,-4914000.0,24607000.0,-1501000.0,-2572000.0,23106000,,23106000,-3580000.0,19526000,-82000.0,19099000,19099000,CRL,2013-12-31
187129,USD,2014,Q1,2014-04-30,2015-04-30,47091000.0,48151000.0,299368000.0,-190555000.0,108813000.0,-69107000.0,-64767000.0,,-4340000.0,39706000.0,3280000.0,-2596000.0,42986000,,42986000,-10358000.0,32628000,-270000.0,32232000,32232000,CRL,2014-03-31
187129,USD,2014,Q2,2014-08-07,2015-07-30,46942000.0,47684000.0,341179000.0,-215545000.0,125634000.0,-74609000.0,-67756000.0,,-6853000.0,51025000.0,-484000.0,-3151000.0,50541000,,50541000,-14081000.0,36460000,-644000.0,35264000,35264000,CRL,2014-06-30
187129,USD,2014,Q3,2014-10-30,2015-11-04,46016000.0,46878000.0,327567000.0,-209299000.0,118268000.0,-72096000.0,-64476000.0,,-7620000.0,46172000.0,-2290000.0,-2621000.0,43882000,,43882000,-11582000.0,32300000,52000.0,32036000,32036000,CRL,2014-09-30
187129,USD,2014,Q4,2015-02-17,2017-02-14,46459000.0,43795000.0,329548000.0,-209603000.0,119945000.0,-79178000.0,-72034000.0,,-7144000.0,40767000.0,-581000.0,-2428000.0,40186000,,40186000,-11650000.0,28536000,-864000.0,27166000,27166000,CRL,2014-12-31
187129,USD,2015,Q1,2015-04-30,2016-05-04,46772000.0,47868000.0,320414000.0,-200754000.0,119660000.0,-76655000.0,-71397000.0,,-5258000.0,43005000.0,-11053000.0,-2740000.0,31952000,,31952000,-331000.0,31621000,-7000.0,31541000,31541000,CRL,2015-03-31
187129,USD,2015,Q2,2015-07-30,2016-08-03,46675000.0,47550000.0,339573000.0,-206790000.0,132783000.0,-77048000.0,-71331000.0,,-5717000.0,55735000.0,4593000.0,-4079000.0,60328000,,60328000,-11076000.0,49252000,-7000.0,48509000,48509000,CRL,2015-06-30
187129,USD,2015,Q3,2015-11-04,2016-11-02,46290000.0,47245000.0,349465000.0,-211390000.0,138075000.0,-82635000.0,-76225000.0,,-6410000.0,55440000.0,-2284000.0,-3674000.0,53156000,,53156000,-15255000.0,37901000,-34000.0,37379000,37379000,CRL,2015-09-30
187129,USD,2015,Q4,2016-02-12,2018-02-13,46247000.0,43321000.0,353850000.0,-213276000.0,140574000.0,-88305000.0,-81461000.0,,-6844000.0,52269000.0,-2277000.0,-3536000.0,49992000,,49992000,-16729000.0,33263000,-902000.0,31884000,31884000,CRL,2015-12-31
187129,USD,2016,Q1,2016-05-04,2017-05-10,46642000.0,47617000.0,354868000.0,-214100000.0,140768000.0,-89296000.0,-82944000.0,,-6352000.0,51472000.0,78000.0,-3948000.0,51550000,,51550000,-13975000.0,37575000,-26000.0,37143000,37143000,CRL,2016-03-31
187129,USD,2016,Q2,2016-08-03,2017-08-09,47061000.0,47919000.0,434055000.0,-264308000.0,169747000.0,-111686000.0,-100473000.0,,-11213000.0,58061000.0,-3671000.0,-8687000.0,54390000,,54390000,-18845000.0,35545000,12000.0,35207000,35207000,CRL,2016-06-30
187129,USD,2016,Q3,2016-11-02,2017-11-09,47160000.0,48034000.0,425720000.0,-269450000.0,156270000.0,-97475000.0,-85650000.0,,-11825000.0,58795000.0,-5539000.0,-6556000.0,53256000,,53256000,-15565000.0,37691000,342000.0,37735000,37735000,CRL,2016-09-30
187129,USD,2016,Q4,2017-02-14,2018-02-13,47193000.0,48262000.0,466789000.0,-286908000.0,179881000.0,-110790000.0,-98481000.0,,-12309000.0,69091000.0,-5366000.0,-7204000.0,63725000,,63725000,-18450000.0,45275000,-48000.0,44680000,44680000,CRL,2016-12-31
187129,USD,2017,Q1,2017-05-10,2018-05-10,47546000.0,48421000.0,445763000.0,-274411000.0,171352000.0,-101646000.0,-90909000.0,,-10737000.0,69706000.0,8341000.0,-6781000.0,78047000,,78047000,-31084000.0,46963000,-4000.0,46778000,46778000,CRL,2017-03-31
187129,USD,2017,Q2,2017-08-09,2018-08-08,47591000.0,48342000.0,469129000.0,-283804000.0,185325000.0,-103639000.0,-93820000.0,,-9819000.0,81686000.0,-4770000.0,-7242000.0,76916000,,76916000,-22243000.0,54673000,-71000.0,53952000,53952000,CRL,2017-06-30
187129,USD,2017,Q3,2017-11-09,2017-11-09,47451000.0,48390000.0,464232000.0,-287028000.0,177204000.0,-103220000.0,-92863000.0,,-10357000.0,73984000.0,-1045000.0,-7533000.0,72939000,,72939000,-19945000.0,52994000,-39000.0,52474000,52474000,CRL,2017-09-30
187129,USD,2017,Q4,2018-02-13,2018-02-13,47336000.0,49103000.0,478477000.0,-310044000.0,168433000.0,-106311000.0,-95854000.0,,-10457000.0,62122000.0,6931000.0,-7531000.0,69053000,,69053000,-98097000.0,-29044000,-23000.0,-29849000,-29849000,CRL,2017-12-31
187129,USD,2018,Q1,2018-05-10,2018-05-10,47785000.0,48828000.0,493970000.0,-312501000.0,181469000.0,-113640000.0,-103372000.0,,-10268000.0,67829000.0,-4789000.0,-10909000.0,63040000,,63040000,-9772000.0,53268000,-23000.0,52631000,52631000,CRL,2018-03-31
187129,USD,2018,Q2,2018-08-08,2018-08-08,48198000.0,49043000.0,585301000.0,-369320000.0,215981000.0,-139271000.0,-120531000.0,,-18740000.0,76710000.0,-6422000.0,-18461000.0,70288000,,70288000,-17438000.0,52850000,1529000.0,53709000,53709000,CRL,2018-06-30
187129,USD,2018,Q3,2018-11-07,2018-11-07,48310000.0,49326000.0,585295000.0,-369095000.0,216200000.0,-131838000.0,-113033000.0,,-18805000.0,84362000.0,-11057000.0,-16967000.0,73305000,,73305000,-12403000.0,60902000,0.0,60368000,60368000,CRL,2018-09-30
187129,USD,2018,Q4,2019-02-13,2019-02-13,47495000.0,48875000.0,601530000.0,-375113000.0,226417000.0,-123935000.0,-106918000.0,,-17017000.0,102482000.0,-27434000.0,-16623000.0,75048000,,75048000,-14850000.0,60198000,0.0,59665000,59665000,CRL,2018-12-31
187129,USD,2019,Q1,2019-05-07,2019-05-07,48458000.0,49462000.0,604569000.0,-392792000.0,211777000.0,-141985000.0,-122574000.0,,-19411000.0,69792000.0,-3502000.0,-9808000.0,66290000,,66290000,-10602000.0,55688000,0.0,55133000,55133000,CRL,2019-03-31
187129,USD,2019,Q2,2019-07-31,2019-07-31,48772000.0,49662000.0,657568000.0,-419464000.0,238104000.0,-158336000.0,-135941000.0,,-22395000.0,79768000.0,-20774000.0,-20561000.0,58994000,,58994000,-14685000.0,44309000,0.0,43728000,43728000,CRL,2019-06-30
187129,USD,2019,Q3,2019-11-06,2019-11-06,48818000.0,49715000.0,667951000.0,-421835000.0,246116000.0,-153314000.0,-129509000.0,,-23805000.0,92802000.0,-19567000.0,-5313000.0,73235000,,73235000,317000.0,73552000,0.0,72810000,72810000,CRL,2019-09-30
187129,USD,2019,Q4,2020-02-11,2020-02-11,48872000.0,49933000.0,691138000.0,-428824000.0,262314000.0,-153525000.0,-129598000.0,,-23927000.0,108789000.0,-3224000.0,-23678000.0,105565000,,105565000,-25053000.0,80512000,0.0,80348000,80348000,CRL,2019-12-31
187129,USD,2020,Q1,2020-05-07,2021-05-04,49189000.0,49966000.0,707059000.0,-454998000.0,252061000.0,-157780000.0,-129901000.0,,-27879000.0,94281000.0,-38822000.0,-14751000.0,55459000,,55459000,-4622000.0,50837000,,50769000,50769000,CRL,2020-03-31
