SimFinId,Currency,Fiscal Year,Fiscal Period,Publish Date,Restated Date,Shares (Basic),Shares (Diluted),Revenue,Cost of Revenue,Gross Profit,Operating Expenses,"Selling, General & Administrative",Research & Development,Depreciation & Amortization,Operating Income (Loss),Non-Operating Income (Loss),"Interest Expense, Net","Pretax Income (Loss), Adj.",Abnormal Gains (Losses),Pretax Income (Loss),"Income Tax (Expense) Benefit, Net",Income (Loss) from Continuing Operations,Net Extraordinary Gains (Losses),Net Income,Net Income (Common),Ticker,Report_Date
172507,USD,2011,Q4,2011-09-15,2012-08-30,10494000.0,10494000.0,12028000.0,-6478000.0,5550000.0,-9069000.0,-7308000.0,-1761000.0,,-3519000.0,-81000.0,-36000.0,-3600000,,-3600000,-15000.0,-3615000,,-3615000,-3615000,LTRX,2011-06-30
172507,USD,2012,Q1,2011-11-14,2012-11-01,10560000.0,10560000.0,11184000.0,-5882000.0,5302000.0,-6677000.0,-4982000.0,-1695000.0,,-1375000.0,-56000.0,-27000.0,-1431000,,-1431000,-13000.0,-1444000,,-1444000,-1444000,LTRX,2011-09-30
172507,USD,2012,Q2,2012-02-14,2013-01-31,10581000.0,10581000.0,10452000.0,-5411000.0,5041000.0,-6374000.0,-4728000.0,-1646000.0,,-1333000.0,-31000.0,-23000.0,-1364000,,-1364000,-13000.0,-1377000,,-1377000,-1377000,LTRX,2011-12-31
172507,USD,2012,Q3,2012-05-04,2013-05-02,10635000.0,10585000.0,12134000.0,-6215000.0,5919000.0,-5897000.0,-4122000.0,-1775000.0,,22000.0,-39000.0,-26000.0,-17000,,-17000,-24000.0,-41000,,-41000,-41000,LTRX,2012-03-31
172507,USD,2012,Q4,2012-08-30,2013-08-29,13236000.0,13286000.0,11612000.0,-5728000.0,5884000.0,-5986000.0,-4192000.0,-1794000.0,,-102000.0,-53000.0,-21000.0,-155000,,-155000,-23000.0,-178000,,-178000,-178000,LTRX,2012-06-30
172507,USD,2013,Q1,2012-11-01,2013-10-31,14558000.0,14558000.0,11202000.0,-5730000.0,5472000.0,-5877000.0,-4268000.0,-1609000.0,,-405000.0,-10000.0,-15000.0,-415000,,-415000,-15000.0,-430000,,-430000,-430000,LTRX,2012-09-30
172507,USD,2013,Q2,2013-01-31,2014-01-31,14578000.0,14578000.0,12162000.0,-6130000.0,6032000.0,-6384000.0,-4719000.0,-1665000.0,,-352000.0,-39000.0,-16000.0,-391000,,-391000,-21000.0,-412000,,-412000,-412000,LTRX,2012-12-31
172507,USD,2013,Q3,2013-05-02,2014-05-01,14580000.0,14580000.0,12164000.0,-6547000.0,5617000.0,-6402000.0,-4685000.0,-1717000.0,,-785000.0,-4000.0,-14000.0,-789000,,-789000,-12000.0,-801000,,-801000,-801000,LTRX,2013-03-31
172507,USD,2013,Q4,2013-08-29,2014-08-22,14580000.0,14580000.0,11127000.0,-6148000.0,4979000.0,-6075000.0,-4318000.0,-1757000.0,,-1096000.0,-24000.0,-14000.0,-1120000,,-1120000,-6000.0,-1126000,,-1126000,-1126000,LTRX,2013-06-30
172507,USD,2014,Q1,2013-10-31,2014-10-31,14580000.0,14580000.0,10883000.0,-5493000.0,5390000.0,-5629000.0,-3948000.0,-1681000.0,,-239000.0,-15000.0,-9000.0,-254000,,-254000,-13000.0,-267000,,-267000,-267000,LTRX,2013-09-30
172507,USD,2014,Q2,2014-01-31,2015-01-30,14621000.0,14621000.0,10968000.0,-5531000.0,5437000.0,-5705000.0,-4062000.0,-1643000.0,,-268000.0,-29000.0,-7000.0,-297000,,-297000,-26000.0,-323000,,-323000,-323000,LTRX,2013-12-31
172507,USD,2014,Q3,2014-05-01,2015-04-30,14686000.0,14686000.0,11593000.0,-5694000.0,5899000.0,-6005000.0,-4248000.0,-1757000.0,,-106000.0,-8000.0,-6000.0,-114000,,-114000,-16000.0,-130000,,-130000,-130000,LTRX,2014-03-31
172507,USD,2014,Q4,2014-08-22,2015-08-21,14741000.0,14741000.0,11102000.0,-5543000.0,5559000.0,-5762000.0,-4097000.0,-1665000.0,,-203000.0,-4000.0,-6000.0,-207000,,-207000,-6000.0,-213000,,-213000,-213000,LTRX,2014-06-30
172507,USD,2015,Q1,2014-10-31,2015-10-30,14787000.0,14787000.0,11536000.0,-5937000.0,5599000.0,-5819000.0,-4075000.0,-1744000.0,,-220000.0,-26000.0,-5000.0,-246000,,-246000,-16000.0,-262000,,-262000,-262000,LTRX,2014-09-30
172507,USD,2015,Q2,2015-01-30,2016-02-16,14874000.0,14874000.0,10735000.0,-5565000.0,5170000.0,-5774000.0,-3992000.0,-1782000.0,,-604000.0,-2000.0,-3000.0,-606000,,-606000,-26000.0,-632000,,-632000,-632000,LTRX,2014-12-31
172507,USD,2015,Q3,2015-04-30,2016-04-28,14942000.0,14942000.0,10444000.0,-5735000.0,4709000.0,-5533000.0,-3914000.0,-1619000.0,,-824000.0,-9000.0,-4000.0,-833000,,-833000,-6000.0,-839000,,-839000,-839000,LTRX,2015-03-31
172507,USD,2015,Q4,2015-08-21,2016-08-24,15013000.0,15013000.0,10231000.0,-5411000.0,4820000.0,-5838000.0,-4060000.0,-1778000.0,,-1018000.0,-10000.0,-5000.0,-1028000,,-1028000,-10000.0,-1038000,,-1038000,-1038000,LTRX,2015-06-30
172507,USD,2016,Q1,2015-10-30,2015-10-30,15103000.0,15103000.0,10573000.0,-5506000.0,5067000.0,-5396000.0,-3725000.0,-1671000.0,,-329000.0,13000.0,-6000.0,-316000,,-316000,-15000.0,-331000,,-331000,-331000,LTRX,2015-09-30
172507,USD,2016,Q2,2016-02-16,2016-02-16,15160000.0,15160000.0,9540000.0,-4951000.0,4589000.0,-5530000.0,-3814000.0,-1716000.0,,-941000.0,19000.0,-9000.0,-922000,,-922000,-6000.0,-928000,,-928000,-928000,LTRX,2015-12-31
172507,USD,2016,Q3,2016-04-28,2016-04-28,15225000.0,15225000.0,9964000.0,-5186000.0,4778000.0,-5213000.0,-3469000.0,-1744000.0,,-435000.0,-8000.0,-8000.0,-443000,,-443000,-13000.0,-456000,,-456000,-456000,LTRX,2016-03-31
172507,USD,2016,Q4,2016-08-24,2016-08-24,15552000.0,15552000.0,10515000.0,-5571000.0,4944000.0,-5167000.0,-3388000.0,-1779000.0,,-223000.0,5000.0,-9000.0,-218000,,-218000,-29000.0,-247000,,-247000,-247000,LTRX,2016-06-30
172507,USD,2017,Q1,2016-10-28,2017-10-27,17254000.0,17254000.0,10940000.0,-5240000.0,5700000.0,-5787000.0,-3842000.0,-1945000.0,,-87000.0,-10000.0,-7000.0,-97000,,-97000,-7000.0,-104000,,-104000,-104000,LTRX,2016-09-30
172507,USD,2017,Q2,2017-01-27,2018-01-26,17347000.0,17703000.0,11222000.0,-5410000.0,5812000.0,-5746000.0,-3873000.0,-1873000.0,,66000.0,-2000.0,-6000.0,64000,,64000,-23000.0,41000,,41000,41000,LTRX,2016-12-31
172507,USD,2017,Q3,2017-04-28,2017-04-28,17522000.0,17522000.0,11524000.0,-5126000.0,6398000.0,-6540000.0,-4414000.0,-2126000.0,,-142000.0,-3000.0,-5000.0,-145000,,-145000,-17000.0,-162000,,-162000,-162000,LTRX,2017-03-31
172507,USD,2017,Q4,2017-08-24,2017-08-24,17681000.0,17325000.0,11044000.0,-5374000.0,5670000.0,-5690000.0,-3674000.0,-2016000.0,,-20000.0,-11000.0,-5000.0,-31000,,-31000,-21000.0,-52000,,-52000,-52000,LTRX,2017-06-30
172507,USD,2018,Q1,2017-10-27,2017-10-27,17867000.0,17867000.0,10606000.0,-5012000.0,5594000.0,-6207000.0,-3986000.0,-2221000.0,,-613000.0,-3000.0,-4000.0,-616000,,-616000,-25000.0,-641000,,-641000,-641000,LTRX,2017-09-30
172507,USD,2018,Q2,2018-01-26,2018-01-26,18073000.0,18739000.0,11336000.0,-5022000.0,6314000.0,-6047000.0,-4173000.0,-1874000.0,,267000.0,-4000.0,-5000.0,263000,,263000,-38000.0,225000,,225000,225000,LTRX,2017-12-31
172507,USD,2018,Q3,2018-04-27,2018-04-27,18210000.0,19118000.0,11601000.0,-5017000.0,6584000.0,-6205000.0,-4241000.0,-1964000.0,,379000.0,-6000.0,-5000.0,373000,,373000,-29000.0,344000,,344000,344000,LTRX,2018-03-31
172507,USD,2018,Q4,2018-09-10,2018-09-10,18534000.0,20908000.0,12037000.0,-5161000.0,6876000.0,-6105000.0,-4099000.0,-2006000.0,,771000.0,-13000.0,-4000.0,758000,,758000,-6000.0,752000,,752000,752000,LTRX,2018-06-30
172507,USD,2019,Q1,2018-10-26,2018-10-26,19323000.0,19323000.0,12279000.0,-5538000.0,6741000.0,-6770000.0,-4472000.0,-2298000.0,,-29000.0,-14000.0,-4000.0,-43000,,-43000,-40000.0,-83000,,-83000,-83000,LTRX,2018-09-30
172507,USD,2019,Q2,2019-01-25,2019-01-25,22091000.0,23442000.0,12114000.0,-5453000.0,6661000.0,-6438000.0,-4159000.0,-2279000.0,,223000.0,68000.0,60000.0,291000,,291000,-14000.0,277000,,277000,277000,LTRX,2018-12-31
172507,USD,2019,Q3,2019-04-26,2019-04-26,22270000.0,22304000.0,12344000.0,-5254000.0,7090000.0,-6252000.0,-3867000.0,-2385000.0,,838000.0,79000.0,91000.0,917000,,917000,-60000.0,857000,,857000,857000,LTRX,2019-03-31
172507,USD,2019,Q4,2019-09-11,2019-09-11,22636000.0,21251000.0,10153000.0,-4372000.0,5781000.0,-7026000.0,-4909000.0,-2117000.0,,-1245000.0,88000.0,89000.0,-1157000,-275000.0,-1432000,-27000.0,-1459000,,-1459000,-1459000,LTRX,2019-06-30
172507,USD,2020,Q1,2019-11-14,2019-11-14,22913000.0,22913000.0,12741000.0,-6546000.0,6195000.0,-8630000.0,-6009000.0,-2621000.0,,-2435000.0,13000.0,56000.0,-2422000,,-2422000,-48000.0,-2470000,,-2470000,-2470000,LTRX,2019-09-30
172507,USD,2020,Q2,2020-02-13,2021-02-12,23145000.0,23145000.0,13228000.0,-6451000.0,6777000.0,-7358000.0,-4871000.0,-2336000.0,-151000.0,-581000.0,-26000.0,-16000.0,-607000,-707000.0,-1314000,-37000.0,-1351000,,-1351000,-1351000,LTRX,2019-12-31
172507,USD,2020,Q3,2020-05-15,2021-04-30,27048000.0,27048000.0,16512000.0,-9135000.0,7377000.0,-9083000.0,-5558000.0,-2724000.0,-801000.0,-1706000.0,46000.0,-83000.0,-1660000,-3513000.0,-5173000,-43000.0,-5216000,,-5216000,-5216000,LTRX,2020-03-31
