SimFinId,Currency,Fiscal Year,Fiscal Period,Publish Date,Restated Date,Shares (Basic),Shares (Diluted),Revenue,Cost of Revenue,Gross Profit,Operating Expenses,"Selling, General & Administrative",Research & Development,Depreciation & Amortization,Operating Income (Loss),Non-Operating Income (Loss),"Interest Expense, Net","Pretax Income (Loss), Adj.",Abnormal Gains (Losses),Pretax Income (Loss),"Income Tax (Expense) Benefit, Net",Income (Loss) from Continuing Operations,Net Extraordinary Gains (Losses),Net Income,Net Income (Common),Ticker,Report_Date
497305,USD,2011,Q2,2011-08-05,2012-08-08,28439000.0,29739000.0,58095000.0,-25028000.0,33067000.0,-29911000.0,-23740000.0,-6171000.0,,3156000.0,-69000.0,,3087000,,3087000,-726000.0,2361000,,2361000,2361000,NTUS,2011-06-30
497305,USD,2011,Q3,2011-11-07,2012-11-09,28643000.0,29387000.0,51338000.0,-23765000.0,27573000.0,-28616000.0,-22497000.0,-6119000.0,,-1043000.0,186000.0,,-857000,,-857000,1011000.0,154000,,154000,154000,NTUS,2011-09-30
497305,USD,2011,Q4,2012-03-14,2014-03-17,28832000.0,25621000.0,64354000.0,-28445000.0,35909000.0,-33396000.0,-26393000.0,-7003000.0,,2513000.0,-46000.0,,2467000,-20000000.0,-17533000,735000.0,-16798000,,-16798000,-16798000,NTUS,2011-12-31
497305,USD,2012,Q1,2012-05-09,2013-05-21,28856000.0,29533000.0,59408000.0,-26086000.0,33322000.0,-32894000.0,-26148000.0,-6746000.0,,428000.0,180000.0,,608000,,608000,-319000.0,289000,,289000,289000,NTUS,2012-03-31
497305,USD,2012,Q2,2012-08-08,2013-08-08,28921000.0,29697000.0,61032000.0,-26695000.0,34337000.0,-33720000.0,-27135000.0,-6585000.0,,617000.0,297000.0,,914000,,914000,-590000.0,324000,,324000,324000,NTUS,2012-06-30
497305,USD,2012,Q3,2012-11-09,2013-11-07,29062000.0,29062000.0,81019000.0,-36456000.0,44563000.0,-49129000.0,-40616000.0,-8513000.0,,-4566000.0,-218000.0,,-4784000,,-4784000,3037000.0,-1747000,,-1747000,-1747000,NTUS,2012-09-30
497305,USD,2012,Q4,2013-05-01,2015-03-16,29285000.0,31056000.0,90821000.0,-39717000.0,51104000.0,-42471000.0,-34349000.0,-8122000.0,,8633000.0,-1094000.0,,7539000,,7539000,-2582000.0,4957000,,4957000,4957000,NTUS,2012-12-31
497305,USD,2013,Q1,2013-05-21,2014-05-07,29570000.0,30319000.0,85834000.0,-36601000.0,49233000.0,-44374000.0,-36162000.0,-8212000.0,,4859000.0,-334000.0,,4525000,,4525000,-1083000.0,3442000,,3442000,3442000,NTUS,2013-03-31
497305,USD,2013,Q2,2013-08-08,2014-08-08,29666000.0,30468000.0,82250000.0,-33859000.0,48391000.0,-42233000.0,-33607000.0,-8626000.0,,6158000.0,-523000.0,,5635000,,5635000,-1615000.0,4020000,,4020000,4020000,NTUS,2013-06-30
497305,USD,2013,Q3,2013-11-07,2014-11-05,30096000.0,30790000.0,85392000.0,-34058000.0,51334000.0,-42196000.0,-34660000.0,-7536000.0,,9138000.0,-580000.0,,8558000,,8558000,-2271000.0,6287000,,6287000,6287000,NTUS,2013-09-30
497305,USD,2013,Q4,2014-03-17,2016-02-29,30640000.0,31707000.0,90636000.0,-37182000.0,53454000.0,-34182000.0,-22089000.0,-6412000.0,-5681000.0,19272000.0,-1279000.0,,17993000,-4767000.0,13226000,-3828000.0,9398000,,9398000,9398000,NTUS,2013-12-31
497305,USD,2014,Q1,2014-05-07,2015-05-06,31062000.0,32185000.0,85624000.0,-35027000.0,50597000.0,-40672000.0,-32359000.0,-7177000.0,-1136000.0,9925000.0,312000.0,,10237000,-538000.0,9699000,-2944000.0,6755000,,6755000,6755000,NTUS,2014-03-31
497305,USD,2014,Q2,2014-08-08,2015-08-05,31424000.0,32444000.0,86325000.0,-35656000.0,50669000.0,-40506000.0,-32226000.0,-7634000.0,-646000.0,10163000.0,795000.0,,10958000,-218000.0,10740000,-3279000.0,7461000,,7461000,7461000,NTUS,2014-06-30
497305,USD,2014,Q3,2014-11-05,2015-11-04,31584000.0,32615000.0,89876000.0,-34234000.0,55642000.0,-39917000.0,-32863000.0,-7462000.0,408000.0,15725000.0,-1447000.0,,14278000,-2848000.0,11430000,-3607000.0,7823000,,7823000,7823000,NTUS,2014-09-30
497305,USD,2014,Q4,2015-03-16,2017-02-24,31926000.0,33028000.0,94009000.0,-36530000.0,57479000.0,-43203000.0,-33725000.0,-7827000.0,-1651000.0,14276000.0,498000.0,,14774000,-634000.0,14140000,-3701000.0,10439000,,10439000,10439000,NTUS,2014-12-31
497305,USD,2015,Q1,2015-05-06,2016-05-04,32127000.0,33097000.0,89395000.0,-35787000.0,53608000.0,-40106000.0,-32294000.0,-6857000.0,-955000.0,13502000.0,-829000.0,,12673000,-156000.0,12517000,-3920000.0,8597000,,8597000,8597000,NTUS,2015-03-31
497305,USD,2015,Q2,2015-08-05,2016-08-03,32273000.0,33204000.0,91937000.0,-34527000.0,57410000.0,-43247000.0,-33764000.0,-7309000.0,-2174000.0,14163000.0,-380000.0,,13783000,-161000.0,13622000,-3771000.0,9851000,,9851000,9851000,NTUS,2015-06-30
497305,USD,2015,Q3,2015-11-04,2016-11-03,32432000.0,33253000.0,94583000.0,-36203000.0,58380000.0,-42262000.0,-32526000.0,-7700000.0,-2036000.0,16118000.0,7000.0,,16125000,-42000.0,16083000,-5151000.0,10932000,,10932000,10932000,NTUS,2015-09-30
497305,USD,2015,Q4,2016-03-04,2018-03-01,32560000.0,33410000.0,99950000.0,-41811000.0,58139000.0,-46304000.0,-35454000.0,-8568000.0,-2282000.0,11835000.0,138000.0,,11973000,-1786000.0,10187000,-1643000.0,8544000,,8544000,8544000,NTUS,2015-12-31
497305,USD,2016,Q1,2016-05-04,2017-05-08,32606000.0,33222000.0,87329000.0,-33070000.0,54259000.0,-43013000.0,-33077000.0,-7802000.0,-2134000.0,11246000.0,456000.0,,11702000,-35000.0,11667000,-3129000.0,8538000,,8538000,8538000,NTUS,2016-03-31
497305,USD,2016,Q2,2016-08-03,2017-08-07,32438000.0,32983000.0,95958000.0,-38483000.0,57475000.0,-42462000.0,-33160000.0,-7105000.0,-2197000.0,15013000.0,25000.0,,15038000,-1083000.0,13955000,-3443000.0,10512000,,10512000,10512000,NTUS,2016-06-30
497305,USD,2016,Q3,2016-11-03,2017-11-07,32388000.0,32981000.0,90906000.0,-32806000.0,58100000.0,-42665000.0,-32567000.0,-7689000.0,-2409000.0,15435000.0,-893000.0,,14542000,-197000.0,14345000,-1032000.0,13313000,,13313000,13313000,NTUS,2016-09-30
497305,USD,2016,Q4,2017-03-02,2018-03-01,32408000.0,33038000.0,107699000.0,-42600000.0,65099000.0,-49997000.0,-36907000.0,-10847000.0,-2243000.0,15102000.0,55000.0,,15157000,-221000.0,14936000,-4705000.0,10231000,,10231000,10231000,NTUS,2016-12-31
497305,USD,2017,Q1,2017-05-08,2017-05-08,32485000.0,33040000.0,124660000.0,-57913000.0,66747000.0,-65058000.0,-48231000.0,-12753000.0,-4074000.0,1689000.0,-1039000.0,,650000,-286000.0,364000,-16000.0,348000,,348000,348000,NTUS,2017-03-31
497305,USD,2017,Q2,2017-08-07,2017-08-07,32529000.0,32529000.0,122227000.0,-56089000.0,66138000.0,-72108000.0,-54510000.0,-13713000.0,-3885000.0,-5970000.0,-378000.0,,-6348000,-307000.0,-6655000,1621000.0,-5034000,,-5034000,-5034000,NTUS,2017-06-30
497305,USD,2017,Q3,2017-11-07,2017-11-07,32593000.0,32593000.0,122643000.0,-48402000.0,74241000.0,-65380000.0,-49866000.0,-11632000.0,-3882000.0,8861000.0,150000.0,,9011000,-321000.0,8690000,-17203000.0,-8513000,,-8513000,-8513000,NTUS,2017-09-30
497305,USD,2017,Q4,2018-07-20,2018-07-20,32649000.0,32094000.0,131440000.0,-57352000.0,74088000.0,-69037000.0,-47983000.0,-13724000.0,-7330000.0,5051000.0,-2300000.0,,2751000,0.0,2751000,-9845000.0,-7094000,,-7094000,-7094000,NTUS,2017-12-31
497305,USD,2018,Q1,2018-05-09,2018-05-09,32760000.0,32760000.0,128609000.0,-56956000.0,71653000.0,-73569000.0,-53320000.0,-15443000.0,-4806000.0,-1916000.0,-1821000.0,,-3737000,-812000.0,-4549000,1401000.0,-3148000,,-3148000,-3148000,NTUS,2018-03-31
497305,USD,2018,Q2,2018-08-08,2018-08-08,32859000.0,32859000.0,130653000.0,-55614000.0,75039000.0,-76889000.0,-57122000.0,-15616000.0,-4151000.0,-1850000.0,-2398000.0,,-4248000,-1938000.0,-6186000,3609000.0,-2577000,,-2577000,-2577000,NTUS,2018-06-30
497305,USD,2018,Q3,2018-11-08,2018-11-08,33321000.0,33321000.0,130638000.0,-53513000.0,77125000.0,-68603000.0,-48999000.0,-15127000.0,-4477000.0,8522000.0,-726000.0,,7796000,-11432000.0,-3636000,-1940000.0,-5576000,,-5576000,-5576000,NTUS,2018-09-30
497305,USD,2018,Q4,2019-03-01,2019-03-01,33504000.0,33504000.0,140991000.0,-51869000.0,89122000.0,-81209000.0,-47838000.0,-15296000.0,-18075000.0,7913000.0,-2753000.0,,5160000,-23049000.0,-17889000,6255000.0,-11634000,,-11634000,-11634000,NTUS,2018-12-31
497305,USD,2019,Q1,2019-05-08,2019-05-08,33590000.0,33590000.0,114757000.0,-48126000.0,66631000.0,-66878000.0,-50034000.0,-13058000.0,-3786000.0,-247000.0,-2112000.0,,-2359000,-37372000.0,-39731000,9730000.0,-30001000,,-30001000,-30001000,NTUS,2019-03-31
497305,USD,2019,Q2,2019-08-07,2019-08-07,33639000.0,33690000.0,125539000.0,-53910000.0,71629000.0,-61459000.0,-44927000.0,-12769000.0,-3763000.0,10170000.0,-1200000.0,,8970000,-2668000.0,6302000,-2114000.0,4188000,,4188000,4188000,NTUS,2019-06-30
497305,USD,2019,Q3,2019-11-06,2019-11-06,33655000.0,33738000.0,123463000.0,-50442000.0,73021000.0,-63826000.0,-45961000.0,-14114000.0,-3751000.0,9195000.0,-1609000.0,,7586000,-1106000.0,6480000,1981000.0,8461000,,8461000,8461000,NTUS,2019-09-30
497305,USD,2019,Q4,2020-03-02,2020-03-02,33900000.0,33766000.0,131416000.0,-44073000.0,87343000.0,-77388000.0,-47836000.0,-18792000.0,-10760000.0,9955000.0,-670000.0,,9285000,-3593000.0,5692000,-4011000.0,1681000,,1681000,1681000,NTUS,2019-12-31
497305,USD,2020,Q1,2020-05-06,2021-05-07,33800000.0,33800000.0,109383000.0,-46601000.0,62782000.0,-65142000.0,-43912000.0,-17569000.0,-3661000.0,-2360000.0,-1494000.0,,-3854000,-871000.0,-4725000,1128000.0,-3597000,,-3597000,-3597000,NTUS,2020-03-31
