SimFinId,Currency,Fiscal Year,Fiscal Period,Publish Date,Restated Date,Shares (Basic),Shares (Diluted),Revenue,Cost of Revenue,Gross Profit,Operating Expenses,"Selling, General & Administrative",Research & Development,Depreciation & Amortization,Operating Income (Loss),Non-Operating Income (Loss),"Interest Expense, Net","Pretax Income (Loss), Adj.",Abnormal Gains (Losses),Pretax Income (Loss),"Income Tax (Expense) Benefit, Net",Income (Loss) from Continuing Operations,Net Extraordinary Gains (Losses),Net Income,Net Income (Common),Ticker,Report_Date
90839,USD,2010,Q3,2010-08-13,2011-08-12,343306000.0,345202000.0,2163181000.0,-1970038000.0,193143000.0,-76845000.0,-68153000.0,,,116298000.0,-5878000.0,-7421000.0,110420000,-728000.0,109692000,-43963000.0,65729000,,65729000,65729000,WFM,2010-06-30
90839,USD,2010,Q4,2010-11-24,2012-11-21,336034000.0,375110000.0,2097394000.0,-1924986000.0,172408000.0,-70727000.0,-65820000.0,,,101681000.0,-5673000.0,-7291000.0,96008000,-765000.0,95243000,-37745000.0,57498000,,57498000,57498000,WFM,2010-09-30
90839,USD,2011,Q1,2011-02-25,2012-02-24,345590000.0,348964000.0,3003655000.0,-2755799000.0,247856000.0,-97151000.0,-88511000.0,,,150705000.0,319000.0,,151024000,-3146000.0,147878000,-59148000.0,88730000,,88730000,88730000,WFM,2010-12-31
90839,USD,2011,Q2,2011-05-20,2012-05-17,349372000.0,354248000.0,2350518000.0,-2122183000.0,228335000.0,-85204000.0,-75661000.0,,,143131000.0,658000.0,,143789000,-1003000.0,142786000,-52851000.0,89935000,,89935000,89935000,WFM,2011-03-31
90839,USD,2011,Q3,2011-08-12,2012-08-03,352888000.0,357220000.0,2399781000.0,-2171928000.0,227853000.0,-84857000.0,-73073000.0,,,142996000.0,1672000.0,,144668000,-2371000.0,142297000,-53825000.0,88472000,,88472000,88472000,WFM,2011-06-30
90839,USD,2011,Q4,2011-11-23,2013-11-22,354150000.0,357968000.0,2354046000.0,-2150090000.0,203956000.0,-84788000.0,-73755000.0,,,119168000.0,1351000.0,-4000000.0,120519000,-1480000.0,119039000,-43176000.0,75863000,,75863000,75863000,WFM,2011-09-30
90839,USD,2012,Q1,2012-02-24,2013-02-22,359000000.0,363000000.0,3391000000.0,-3084000000.0,307000000.0,-114000000.0,-104000000.0,,,193000000.0,2000000.0,,195000000,-3000000.0,192000000,-74000000.0,118000000,,118000000,118000000,WFM,2011-12-31
90839,USD,2012,Q2,2012-05-17,2013-05-17,364400000.0,369200000.0,2670000000.0,-2382000000.0,288000000.0,-97000000.0,-86000000.0,,,191000000.0,2000000.0,,193000000,-1000000.0,192000000,-74000000.0,118000000,,118000000,118000000,WFM,2012-03-31
90839,USD,2012,Q3,2012-08-10,2013-08-09,367500000.0,371800000.0,2727000000.0,-2435000000.0,292000000.0,-100000000.0,-88000000.0,,,192000000.0,2000000.0,,194000000,-4000000.0,190000000,-73000000.0,117000000,,117000000,117000000,WFM,2012-06-30
90839,USD,2012,Q4,2012-11-21,2014-11-21,368300000.0,371600000.0,2911000000.0,-2625000000.0,286000000.0,-108000000.0,-94000000.0,,,178000000.0,2000000.0,,180000000,-2000000.0,178000000,-65000000.0,113000000,,113000000,113000000,WFM,2012-09-30
90839,USD,2013,Q1,2013-02-22,2014-02-21,370800000.0,374300000.0,3856000000.0,-3487000000.0,369000000.0,-130000000.0,-116000000.0,,,239000000.0,3000000.0,,242000000,-4000000.0,238000000,-92000000.0,146000000,,146000000,146000000,WFM,2012-12-31
90839,USD,2013,Q2,2013-05-17,2014-05-16,370500000.0,373700000.0,3027000000.0,-2695000000.0,332000000.0,-101000000.0,-91000000.0,,,231000000.0,3000000.0,,234000000,-3000000.0,231000000,-89000000.0,142000000,,142000000,142000000,WFM,2013-03-31
90839,USD,2013,Q3,2013-08-09,2014-08-08,371400000.0,374600000.0,3058000000.0,-2720000000.0,338000000.0,-108000000.0,-95000000.0,,,230000000.0,2000000.0,,232000000,-2000000.0,230000000,-88000000.0,142000000,,142000000,142000000,WFM,2013-06-30
90839,USD,2013,Q4,2013-11-22,2015-11-13,372100000.0,375400000.0,2976000000.0,614000000.0,3590000000.0,-3395000000.0,-3380000000.0,,,195000000.0,3000000.0,,198000000,-3000000.0,195000000,-74000000.0,121000000,,121000000,121000000,WFM,2013-09-30
90839,USD,2014,Q1,2014-02-21,2015-02-27,372300000.0,375800000.0,4239000000.0,-2754000000.0,1485000000.0,-1225000000.0,-1209000000.0,,,260000000.0,4000000.0,,264000000,-5000000.0,259000000,-101000000.0,158000000,,158000000,158000000,WFM,2013-12-31
90839,USD,2014,Q2,2014-05-16,2015-05-15,371500000.0,374500000.0,3322000000.0,-2131000000.0,1191000000.0,-958000000.0,-947000000.0,,,233000000.0,2000000.0,,235000000,-2000000.0,233000000,-91000000.0,142000000,,142000000,142000000,WFM,2014-03-31
90839,USD,2014,Q3,2014-08-08,2015-08-07,365000000.0,367200000.0,3377000000.0,-2163000000.0,1214000000.0,-969000000.0,-951000000.0,,,245000000.0,4000000.0,,249000000,-2000000.0,247000000,-96000000.0,151000000,,151000000,151000000,WFM,2014-06-30
90839,USD,2014,Q4,2015-01-26,2016-11-18,362400000.0,364500000.0,3256000000.0,-2102000000.0,1154000000.0,-947000000.0,-925000000.0,,,207000000.0,2000000.0,,209000000,-2000000.0,207000000,-79000000.0,128000000,,128000000,128000000,WFM,2014-09-30
90839,USD,2015,Q1,2015-02-27,2016-02-26,359900000.0,362200000.0,4671000000.0,-3045000000.0,1626000000.0,-1351000000.0,-1330000000.0,,,275000000.0,3000000.0,,278000000,-4000000.0,274000000,-107000000.0,167000000,,167000000,167000000,WFM,2014-12-31
90839,USD,2015,Q2,2015-05-15,2016-05-13,360200000.0,363700000.0,3647000000.0,-2337000000.0,1310000000.0,-1049000000.0,-1029000000.0,,,261000000.0,4000000.0,,265000000,-6000000.0,259000000,-101000000.0,158000000,,158000000,158000000,WFM,2015-03-31
90839,USD,2015,Q3,2015-08-07,2016-08-05,358500000.0,360500000.0,3632000000.0,-2339000000.0,1293000000.0,-1044000000.0,-1032000000.0,,,249000000.0,5000000.0,,254000000,-2000000.0,252000000,-98000000.0,154000000,,154000000,154000000,WFM,2015-06-30
90839,USD,2015,Q4,2015-11-13,2017-11-17,355400000.0,356800000.0,3439000000.0,-2252000000.0,1187000000.0,-1095000000.0,-1081000000.0,,,92000000.0,5000000.0,,97000000,-4000000.0,93000000,-36000000.0,57000000,,57000000,57000000,WFM,2015-09-30
90839,USD,2016,Q1,2016-02-26,2017-02-16,337000000.0,338200000.0,4829000000.0,-3188000000.0,1641000000.0,-1386000000.0,-1373000000.0,,,255000000.0,-3000000.0,-7000000.0,252000000,-3000000.0,249000000,-92000000.0,157000000,,157000000,157000000,WFM,2015-12-31
90839,USD,2016,Q2,2016-05-13,2017-05-19,324700000.0,325400000.0,3696000000.0,-2406000000.0,1290000000.0,-1046000000.0,-1028000000.0,,,244000000.0,-6000000.0,-11000000.0,238000000,-3000000.0,235000000,-93000000.0,142000000,,142000000,142000000,WFM,2016-03-31
90839,USD,2016,Q3,2016-08-05,2017-08-04,320600000.0,321200000.0,3703000000.0,-2417000000.0,1286000000.0,-1075000000.0,-1057000000.0,,,211000000.0,-13000000.0,-12000000.0,198000000,-2000000.0,196000000,-76000000.0,120000000,,120000000,120000000,WFM,2016-06-30
90839,USD,2016,Q4,2016-11-18,2017-11-17,322100000.0,322800000.0,3496000000.0,-2302000000.0,1194000000.0,-1034000000.0,-1019000000.0,,,160000000.0,-8000000.0,-11000000.0,152000000,-5000000.0,147000000,-59000000.0,88000000,,88000000,88000000,WFM,2016-09-30
90839,USD,2017,Q1,2017-02-16,2017-02-16,318200000.0,318700000.0,4918000000.0,-3268000000.0,1650000000.0,-1438000000.0,-1417000000.0,,,212000000.0,-15000000.0,-15000000.0,197000000,-41000000.0,156000000,-61000000.0,95000000,,95000000,95000000,WFM,2016-12-31
90839,USD,2017,Q2,2017-05-19,2017-05-19,318500000.0,318900000.0,3737000000.0,-2463000000.0,1274000000.0,-1069000000.0,-1057000000.0,,,205000000.0,-9000000.0,-11000000.0,196000000,-34000000.0,162000000,-63000000.0,99000000,,99000000,99000000,WFM,2017-03-31
90839,USD,2017,Q3,2017-08-04,2017-08-04,319400000.0,320300000.0,3725000000.0,-2457000000.0,1268000000.0,-1085000000.0,-1072000000.0,,,183000000.0,-7000000.0,-11000000.0,176000000,-3000000.0,173000000,-67000000.0,106000000,,106000000,106000000,WFM,2017-06-30
