SimFinId,Currency,Fiscal Year,Fiscal Period,Publish Date,Restated Date,Shares (Basic),Shares (Diluted),Revenue,Cost of Revenue,Gross Profit,Operating Expenses,"Selling, General & Administrative",Research & Development,Depreciation & Amortization,Operating Income (Loss),Non-Operating Income (Loss),"Interest Expense, Net","Pretax Income (Loss), Adj.",Abnormal Gains (Losses),Pretax Income (Loss),"Income Tax (Expense) Benefit, Net",Income (Loss) from Continuing Operations,Net Extraordinary Gains (Losses),Net Income,Net Income (Common),Ticker,Report_Date
146041,USD,2015,Q2,2015-08-07,2016-08-09,13976000.0,36643000.0,10414000.0,-7887000.0,2527000.0,-14066000.0,-13082000.0,,-984000.0,-11539000.0,-16833000.0,13000.0,-28372000,414133000.0,385761000,-29273000.0,356488000,,359912000,359912000,EVH,2015-06-30
146041,USD,2015,Q3,2015-11-06,2016-11-10,41468000.0,41468000.0,40406000.0,-24762000.0,15644000.0,-32890000.0,-29834000.0,,-3056000.0,-17246000.0,54000.0,54000.0,-17192000,0.0,-17192000,104000.0,-17088000,,-11980000,-11980000,EVH,2015-09-30
146041,USD,2015,Q4,2016-02-15,2017-03-03,42084000.0,103445000.0,46058000.0,-24749000.0,21309000.0,-35496000.0,-32370000.0,,-3126000.0,-14187000.0,226000.0,226000.0,-13961000,0.0,-13961000,5694000.0,-8267000,,-4119000,-4119000,EVH,2015-12-31
146041,USD,2016,Q1,2016-05-16,2017-05-10,42185000.0,42185000.0,49449000.0,-28610000.0,20839000.0,-35317000.0,-31946000.0,,-3371000.0,-14478000.0,279000.0,279000.0,-14199000,-160600000.0,-174799000,988000.0,-173811000,,-122740000,-122740000,EVH,2016-03-31
146041,USD,2016,Q2,2016-08-09,2017-08-07,42594000.0,42594000.0,56518000.0,-32779000.0,23739000.0,-36368000.0,-32756000.0,,-3612000.0,-12629000.0,258000.0,272000.0,-12371000,-1000.0,-12372000,371000.0,-12001000,,-8389000,-8389000,EVH,2016-06-30
146041,USD,2016,Q3,2016-11-10,2017-11-09,43110000.0,43110000.0,60210000.0,-33905000.0,26305000.0,-42144000.0,-38398000.0,,-3746000.0,-15839000.0,-193000.0,255000.0,-16032000,-1000.0,-16033000,256000.0,-15777000,,-11210000,-11210000,EVH,2016-09-30
146041,USD,2016,Q4,2017-03-03,2017-03-03,52235000.0,52235000.0,88011000.0,-59883000.0,28128000.0,-64087000.0,-57592000.0,,-6495000.0,-35959000.0,-462000.0,-83000.0,-36421000,2092000.0,-34329000,9140000.0,-25189000,,-17403000,-17403000,EVH,2016-12-31
146041,USD,2017,Q1,2017-05-10,2017-05-10,52599000.0,52599000.0,106238000.0,-67528000.0,38710000.0,-60165000.0,-53550000.0,,-6615000.0,-21455000.0,-1291000.0,-769000.0,-22746000,2000.0,-22744000,-405000.0,-23149000,,-18012000,-18012000,EVH,2017-03-31
146041,USD,2017,Q2,2017-08-07,2017-08-07,59478000.0,59478000.0,107071000.0,-67994000.0,39077000.0,-57994000.0,-51090000.0,,-6904000.0,-18917000.0,-1284000.0,-729000.0,-20201000,-197000.0,-20398000,700000.0,-19698000,,-16905000,-16905000,EVH,2017-06-30
146041,USD,2017,Q3,2017-11-09,2017-11-09,70328000.0,70328000.0,107912000.0,-68281000.0,39631000.0,-53551000.0,-45834000.0,,-7717000.0,-13920000.0,-838000.0,-469000.0,-14758000,-85000.0,-14843000,1714000.0,-13129000,,-12588000,-12588000,EVH,2017-09-30
146041,USD,2017,Q4,2018-03-01,2018-03-01,74999000.0,74999000.0,113729000.0,-65549000.0,48180000.0,-66328000.0,-55196000.0,,-11132000.0,-18148000.0,-322000.0,-13000.0,-18470000,51000.0,-18419000,4628000.0,-13791000,,-13160000,-13160000,EVH,2017-12-31
146041,USD,2018,Q1,2018-05-10,2018-05-10,75375000.0,75375000.0,139714000.0,-71975000.0,67739000.0,-65022000.0,-55526000.0,,-9496000.0,2717000.0,88000.0,219000.0,2805000,-16867000.0,-14062000,-3000.0,-14065000,,-13626000,-13626000,EVH,2018-03-31
146041,USD,2018,Q2,2018-08-09,2018-08-09,77209000.0,77209000.0,144298000.0,-69003000.0,75295000.0,-67437000.0,-57403000.0,,-10034000.0,7858000.0,-1252000.0,23000.0,6606000,-16746000.0,-10140000,109000.0,-10031000,,-9916000,-9916000,EVH,2018-06-30
146041,USD,2018,Q3,2018-11-08,2018-11-08,77999000.0,77999000.0,149947000.0,-73967000.0,75980000.0,-69918000.0,-59566000.0,,-10352000.0,6062000.0,-1266000.0,115000.0,4796000,-17216000.0,-12420000,-135000.0,-12555000,,-12429000,-12429000,EVH,2018-09-30
146041,USD,2018,Q4,2019-02-28,2019-02-28,78769000.0,78769000.0,193104000.0,-112880000.0,80224000.0,-77556000.0,-62923000.0,,-14633000.0,2668000.0,-4241000.0,-2401000.0,-1573000,-15956000.0,-17529000,-11000.0,-17540000,,-16687000,-16687000,EVH,2018-12-31
146041,USD,2019,Q1,2019-05-09,2019-05-09,79335000.0,79335000.0,197756000.0,-117441000.0,80315000.0,-89104000.0,-74838000.0,,-14266000.0,-8789000.0,-2926000.0,-2502000.0,-11715000,-37430000.0,-49145000,496000.0,-48649000,,-46739000,-46739000,EVH,2019-03-31
146041,USD,2019,Q2,2019-08-09,2019-08-09,82289000.0,82289000.0,191959000.0,-108383000.0,83576000.0,-82224000.0,-66932000.0,,-15292000.0,1352000.0,-4682000.0,-2778000.0,-3330000,-27172000.0,-30502000,-1398000.0,-31900000,,-31615000,-31615000,EVH,2019-06-30
146041,USD,2019,Q3,2019-11-05,2019-11-05,83819000.0,83819000.0,220143000.0,-131763000.0,88380000.0,-74216000.0,-58808000.0,,-15408000.0,14164000.0,-6365000.0,-2506000.0,7799000,-34386000.0,-26587000,849000.0,-25738000,,-25521000,-25521000,EVH,2019-09-30
146041,USD,2019,Q4,2020-03-02,2020-03-02,84013000.0,84013000.0,236525000.0,-155472000.0,81053000.0,-72415000.0,-56468000.0,,-15947000.0,8638000.0,-6531000.0,-2761000.0,2107000,-222989000.0,-220882000,21589000.0,-199293000,,-198096000,-198096000,EVH,2019-12-31
146041,USD,2020,Q1,2020-05-28,2021-05-06,84793000.0,84793000.0,221232000.0,-175629000.0,45603000.0,-68065000.0,-52087000.0,,-15978000.0,-22462000.0,-5993000.0,-5511000.0,-28455000,-49762000.0,-78217000,-270000.0,-78487000,-265000.0,-78752000,-78752000,EVH,2020-03-31
