SimFinId,Currency,Fiscal Year,Fiscal Period,Publish Date,Restated Date,Shares (Basic),Shares (Diluted),Revenue,Cost of Revenue,Gross Profit,Operating Expenses,"Selling, General & Administrative",Research & Development,Depreciation & Amortization,Operating Income (Loss),Non-Operating Income (Loss),"Interest Expense, Net","Pretax Income (Loss), Adj.",Abnormal Gains (Losses),Pretax Income (Loss),"Income Tax (Expense) Benefit, Net",Income (Loss) from Continuing Operations,Net Extraordinary Gains (Losses),Net Income,Net Income (Common),Ticker,Report_Date
921297,USD,2014,Q3,2014-11-14,2015-11-16,4828122.0,4828122.0,1816595.0,-654395.0,1162200.0,-1473025.0,-1420202.0,,-52823.0,-310825.0,-54599.0,,-365424,0.0,-365424,163051.0,-202373,,-202373,-202373,JYNT,2014-09-30
921297,USD,2014,Q4,2015-02-14,2016-03-17,7347819.0,7347819.0,2055395.0,-606690.0,1448705.0,-2398047.0,-2329632.0,,-68415.0,-949342.0,-5676.0,,-955018,0.0,-955018,-1612186.0,-2567204,,-2567204,-2567204,JYNT,2014-12-31
921297,USD,2015,Q1,2015-05-15,2016-05-16,9662502.0,9662502.0,2507898.0,-545261.0,1962637.0,-3877860.0,-3755264.0,,-122596.0,-1915223.0,11500.0,,-1903723,,-1903723,0.0,-1903723,,-1903723,-1903723,JYNT,2015-03-31
921297,USD,2015,Q2,2015-08-14,2016-08-12,9768230.0,9768230.0,3426746.0,-791818.0,2634928.0,-4480987.0,-4202485.0,,-278502.0,-1846059.0,-9811.0,,-1855870,,-1855870,0.0,-1855870,,-1855870,-1855870,JYNT,2015-06-30
921297,USD,2015,Q3,2015-11-16,2016-11-14,9844964.0,9844964.0,4138015.0,-745482.0,3392533.0,-5443432.0,-5022042.0,,-421390.0,-2050899.0,16111.0,,-2034788,384214.0,-1650574,-6148.0,-1656722,,-1656722,-1656722,JYNT,2015-09-30
921297,USD,2015,Q4,2016-03-17,2017-03-10,10892308.0,10892308.0,3762772.0,-737352.0,3025420.0,-6529681.0,-6083214.0,,-446467.0,-3504261.0,4319.0,,-3499942,-123067.0,-3623009,242003.0,-3381006,,-3381006,-3381006,JYNT,2015-12-31
921297,USD,2016,Q1,2016-05-16,2017-05-12,12567901.0,12567901.0,4265036.0,-739963.0,3525073.0,-7006283.0,-6430739.0,,-575544.0,-3481210.0,473.0,,-3480737,0.0,-3480737,-44397.0,-3525134,,-3525134,-3525134,JYNT,2016-03-31
921297,USD,2016,Q2,2016-08-12,2017-08-11,12672974.0,12672974.0,4974041.0,-727739.0,4246302.0,-7433064.0,-6795949.0,,-637115.0,-3186762.0,-1150.0,,-3187912,0.0,-3187912,-73470.0,-3261382,,-3261382,-3261382,JYNT,2016-06-30
921297,USD,2016,Q3,2016-11-14,2017-11-13,12730624.0,12730624.0,5503590.0,-718762.0,4784828.0,-7403322.0,-6707743.0,,-695579.0,-2618494.0,5877.0,,-2612617,0.0,-2612617,-14277.0,-2626894,,-2626894,-2626894,JYNT,2016-09-30
921297,USD,2016,Q4,2017-03-10,2018-03-09,12815097.0,12815097.0,5780973.0,-753145.0,5027828.0,-7228968.0,-6571070.0,,-657898.0,-2201140.0,-6667.0,,-2207807,-3520370.0,-5728177,-32285.0,-5760462,,-5760462,-5760462,JYNT,2016-12-31
921297,USD,2017,Q1,2017-05-12,2018-05-11,13042595.0,13042595.0,5507147.0,-693716.0,4813431.0,-6100771.0,-5522784.0,,-577987.0,-1287340.0,-19465.0,,-1306805,-417971.0,-1724776,-40609.0,-1765385,,-1765385,-1765385,JYNT,2017-03-31
921297,USD,2017,Q2,2017-08-11,2018-08-10,13127255.0,13127255.0,6000050.0,-766438.0,5233612.0,-6229138.0,-5725912.0,,-503226.0,-995526.0,-24031.0,,-1019557,0.0,-1019557,-2583.0,-1022140,,-1022140,-1022140,JYNT,2017-06-30
921297,USD,2017,Q3,2017-11-13,2018-11-09,13262032.0,13262032.0,6537898.0,-839144.0,5698754.0,-6104281.0,-5635481.0,,-468800.0,-405527.0,9907.0,,-395620,0.0,-395620,-36085.0,-431705,,-431705,-431705,JYNT,2017-09-30
921297,USD,2017,Q4,2018-03-09,2019-03-11,13548594.0,13548594.0,6873773.0,-924940.0,5948833.0,-6174546.0,-5707236.0,,-467310.0,-225713.0,-30866.0,,-256579,0.0,-256579,43397.0,-213182,,-213182,-213182,JYNT,2017-12-31
921297,USD,2018,Q1,2018-05-11,2019-05-15,13587837.0,13587837.0,8646964.0,-972332.0,7674632.0,-7758407.0,-7370990.0,,-387417.0,-83775.0,-11194.0,,-94969,0.0,-94969,63355.0,-31614,,-31614,-31614,JYNT,2018-03-31
921297,USD,2018,Q2,2018-08-10,2018-08-10,13622710.0,13622710.0,7556832.0,-1051584.0,6505248.0,-6354946.0,-5949971.0,,-404975.0,150302.0,-11689.0,,138613,-175440.0,-36827,-5951.0,-42778,,-42778,-42778,JYNT,2018-06-30
921297,USD,2018,Q3,2018-11-09,2018-11-09,13727712.0,13727712.0,8062550.0,-1084707.0,6977843.0,-6825890.0,-6436621.0,,-389269.0,151953.0,-10672.0,,141281,-343255.0,-201974,50171.0,-151803,,-151803,-151803,JYNT,2018-09-30
921297,USD,2018,Q4,2019-03-11,2019-03-11,13738169.0,15188609.0,7522903.0,-1201626.0,6321277.0,-5740683.0,-5366104.0,,-374579.0,580594.0,-14210.0,,566384,-17259.0,549125,-69847.0,479278,,479278,479278,JYNT,2018-12-31
921297,USD,2019,Q1,2019-05-15,2019-05-15,13751196.0,14256006.0,10679376.0,-1205941.0,9473435.0,-8424570.0,-8058892.0,,-365678.0,1048865.0,-116838.0,,932027,19298.0,951325,1319.0,952644,,952644,952644,JYNT,2019-03-31
921297,USD,2019,Q2,2019-08-09,2019-08-09,13797497.0,14477007.0,11169979.0,-1299149.0,9870830.0,-9401496.0,-8997030.0,,-404466.0,469334.0,-15126.0,,454208,18266.0,472474,-10214.0,462260,,462260,462260,JYNT,2019-06-30
921297,USD,2019,Q3,2019-11-08,2019-11-08,13846045.0,14526538.0,12726377.0,-1426869.0,11299508.0,-10629281.0,-10090909.0,,-538372.0,670227.0,-16697.0,,653530,-29848.0,623682,-6702.0,616980,,616980,616980,JYNT,2019-09-30
921297,USD,2019,Q4,2020-03-06,2020-03-06,13881858.0,14610717.0,13875168.0,-1633958.0,12241210.0,-10900649.0,-10309908.0,,-590741.0,1340561.0,87146.0,,1427707,-102770.0,1324937,-33109.0,1291828,,1291828,1291828,JYNT,2019-12-31
921297,USD,2020,Q1,2020-05-08,2021-05-07,13890673.0,14483584.0,13644486.0,-1486155.0,12158331.0,-11403788.0,-10749539.0,,-654249.0,754543.0,-4337.0,,750206,-1193.0,749013,65934.0,814947,,814947,814947,JYNT,2020-03-31
