SimFinId,Currency,Fiscal Year,Fiscal Period,Publish Date,Restated Date,Shares (Basic),Shares (Diluted),Revenue,Cost of Revenue,Gross Profit,Operating Expenses,"Selling, General & Administrative",Research & Development,Depreciation & Amortization,Operating Income (Loss),Non-Operating Income (Loss),"Interest Expense, Net","Pretax Income (Loss), Adj.",Abnormal Gains (Losses),Pretax Income (Loss),"Income Tax (Expense) Benefit, Net",Income (Loss) from Continuing Operations,Net Extraordinary Gains (Losses),Net Income,Net Income (Common),Ticker,Report_Date
997171,USD,2009,Q2,2009-11-12,2010-08-11,1674878.0,1675191.0,765808.0,-271041.0,494767.0,-225850.0,-215918.0,,-9932.0,268917.0,-65.0,,268852,,268852,,268852,,268852,268852,ISDR,2009-06-30
997171,USD,2009,Q3,2009-11-13,2010-11-08,1685472.0,1685472.0,326433.0,-145491.0,180942.0,-191982.0,-182678.0,0.0,-9304.0,-11040.0,1082.0,,-9958,,-9958,,-9958,,-9958,-9958,ISDR,2009-09-30
997171,USD,2009,Q4,2010-03-17,2011-03-01,1682397.0,1678784.0,320453.0,-156100.0,164353.0,-239984.0,-230305.0,0.0,-9679.0,-75631.0,-434.0,,-76065,,-76065,,-76065,,-76065,-76065,ISDR,2009-12-31
997171,USD,2010,Q1,2010-05-05,2011-05-04,1684311.0,1688718.0,605081.0,-199255.0,405826.0,-235892.0,-224493.0,,-11399.0,169934.0,-35270.0,,134664,,134664,,134664,,134664,134664,ISDR,2010-03-31
997171,USD,2010,Q2,2010-08-11,2011-08-02,1749309.0,1775141.0,2359650.0,-1913101.0,446549.0,-319178.0,-308997.0,,-10181.0,127371.0,1472.0,,128843,,128843,0.0,128843,,128843,128843,ISDR,2010-06-30
997171,USD,2010,Q3,2010-11-08,2011-11-02,1759292.0,1759292.0,403991.0,-191058.0,212933.0,-266147.0,-254803.0,-4000.0,-7344.0,-53214.0,12442.0,,-40772,,-40772,0.0,-40772,,-40772,-40772,ISDR,2010-09-30
997171,USD,2010,Q4,2011-03-01,2012-03-01,1769927.0,1818205.0,491791.0,-206002.0,285789.0,-301976.0,-291728.0,0.0,-10248.0,-16187.0,2058.0,,-14129,,-14129,220800.0,206671,,206671,206671,ISDR,2010-12-31
997171,USD,2011,Q1,2011-05-04,2012-05-02,1768531.0,1768513.0,513556.0,-232096.0,281460.0,-310104.0,-298285.0,,-11819.0,-28644.0,2862.0,,-25782,,-25782,0.0,-25782,,-25782,-25782,ISDR,2011-03-31
997171,USD,2011,Q2,2011-08-02,2012-08-06,1756773.0,1762777.0,1103871.0,-437115.0,666756.0,-355912.0,-342731.0,,-13181.0,310844.0,1998.0,,312842,,312842,-12624.0,300218,,300218,300218,ISDR,2011-06-30
997171,USD,2011,Q3,2011-11-02,2012-11-01,1752107.0,1763970.0,891576.0,-379357.0,512219.0,-395437.0,-380537.0,,-14900.0,116782.0,1687.0,,118469,,118469,-47388.0,71081,,71081,71081,ISDR,2011-09-30
997171,USD,2011,Q4,2012-03-01,2013-02-28,1751905.0,1785052.0,719096.0,-343399.0,375697.0,-526314.0,-305247.0,,-14804.0,-150617.0,6164.0,,-144453,,-144453,38212.0,-106241,,-106241,-106241,ISDR,2011-12-31
997171,USD,2012,Q1,2012-05-02,2013-05-06,1819098.0,1819098.0,796594.0,-356694.0,439900.0,-537908.0,-501840.0,,-36068.0,-98008.0,3572.0,,-94436,,-94436,37500.0,-56936,,-56936,-56936,ISDR,2012-03-31
997171,USD,2012,Q2,2012-08-06,2013-08-06,1925618.0,2073868.0,1108439.0,-409441.0,698998.0,-639539.0,-604110.0,,-35429.0,59459.0,490.0,,59949,,59949,-24000.0,35949,,35949,35949,ISDR,2012-06-30
997171,USD,2012,Q3,2012-11-01,2013-11-14,1931438.0,2001266.0,1215511.0,-340832.0,874679.0,-523410.0,-490887.0,,-32523.0,351269.0,-678.0,,350591,,350591,-137000.0,213591,,213591,213591,ISDR,2012-09-30
997171,USD,2012,Q4,2013-02-28,2014-03-06,1935530.0,2020236.0,1185022.0,-394191.0,790831.0,-546418.0,-512089.0,,-34329.0,244413.0,-3785.0,,240628,,240628,-127500.0,113128,,113128,113128,ISDR,2012-12-31
997171,USD,2013,Q1,2013-05-06,2014-05-07,1942635.0,2013749.0,1411228.0,-398890.0,1012338.0,-644553.0,-609618.0,,-34935.0,367785.0,-247.0,,367538,,367538,-152000.0,215538,,215538,215538,ISDR,2013-03-31
997171,USD,2013,Q2,2013-08-06,2014-08-07,1950092.0,2061718.0,1723785.0,-512822.0,1210963.0,-597827.0,-565239.0,,-32588.0,613136.0,2545.0,,615681,,615681,-251000.0,364681,,364681,364681,ISDR,2013-06-30
997171,USD,2013,Q3,2013-11-14,2014-11-05,1968871.0,2273497.0,2102831.0,-627532.0,1475299.0,-1131585.0,-987896.0,,-143689.0,343714.0,-154076.0,,189638,,189638,-72294.0,117344,,117344,117344,ISDR,2013-09-30
997171,USD,2013,Q4,2014-03-06,2015-03-04,1892978.0,1716940.0,3604385.0,-1038647.0,2565738.0,-2190148.0,-1907181.0,,-282967.0,375590.0,-363870.0,,11720,,11720,-80706.0,-68986,,-68986,-68986,ISDR,2013-12-31
997171,USD,2014,Q1,2014-05-07,2015-05-07,2016240.0,2016240.0,3494356.0,-1027591.0,2466765.0,-2091642.0,-1731865.0,-77911.0,-281866.0,375123.0,-362055.0,,13068,,13068,-50010.0,-36942,,-36942,-36942,ISDR,2014-03-31
997171,USD,2014,Q2,2014-08-07,2015-08-06,2042494.0,2106837.0,3638269.0,-1069405.0,2568864.0,-2189796.0,-1817410.0,-91619.0,-280767.0,379068.0,-360676.0,,18392,,18392,49631.0,68023,,68023,68023,ISDR,2014-06-30
997171,USD,2014,Q3,2014-11-05,2015-11-05,2062399.0,2117526.0,3220539.0,-994847.0,2225692.0,-1738324.0,-1377356.0,-94018.0,-266950.0,487368.0,-368172.0,,119196,,119196,-43022.0,76174,,76174,76174,ISDR,2014-09-30
997171,USD,2014,Q4,2015-03-04,2016-03-03,2210631.0,2259065.0,3276520.0,-973812.0,2302708.0,-2071614.0,-1614130.0,-128425.0,-329059.0,231094.0,-619099.0,,-388005,,-388005,322876.0,-65129,,-65129,-65129,ISDR,2014-12-31
997171,USD,2015,Q1,2015-05-07,2016-05-09,2317110.0,2360540.0,3043782.0,-912877.0,2130905.0,-1812811.0,-1445838.0,-98632.0,-268341.0,318094.0,-244850.0,,73244,,73244,163421.0,236665,,236665,236665,ISDR,2015-03-31
997171,USD,2015,Q2,2015-08-06,2016-08-04,2322240.0,2359836.0,3106389.0,-899541.0,2206848.0,-1909768.0,-1551905.0,-94464.0,-263399.0,297080.0,-241025.0,,56055,,56055,8973.0,65028,,65028,65028,ISDR,2015-06-30
997171,USD,2015,Q3,2015-11-05,2016-11-03,2515767.0,2552586.0,2787105.0,-843007.0,1944098.0,-1611741.0,-1279669.0,-63297.0,-268775.0,332357.0,-137150.0,,195207,,195207,-58477.0,136730,,136730,136730,ISDR,2015-09-30
997171,USD,2015,Q4,2016-03-03,2017-03-14,2791619.0,3030846.0,2682607.0,-792567.0,1890040.0,-2203335.0,-1307322.0,-70191.0,-278822.0,-313295.0,886.0,,-312409,,-312409,18570.0,-293839,,-293839,-293839,ISDR,2015-12-31
997171,USD,2016,Q1,2016-05-09,2017-05-04,2788308.0,2887753.0,3277339.0,-770082.0,2507257.0,-1817039.0,-1466121.0,-69160.0,-281758.0,690218.0,992.0,,691210,,691210,-197922.0,493288,,493288,493288,ISDR,2016-03-31
997171,USD,2016,Q2,2016-08-04,2017-08-03,2794998.0,2918000.0,3134000.0,-824000.0,2310000.0,-1844000.0,-1472000.0,-90000.0,-282000.0,466000.0,83000.0,,549000,,549000,-192000.0,357000,,357000,357000,ISDR,2016-06-30
997171,USD,2016,Q3,2016-11-03,2017-11-02,2836000.0,2936000.0,2873000.0,-739000.0,2134000.0,-1840000.0,-1491000.0,-133000.0,-216000.0,294000.0,-6000.0,,288000,,288000,-93000.0,195000,,195000,195000,ISDR,2016-09-30
997171,USD,2016,Q4,2017-04-28,2018-03-01,2860694.0,2871267.0,2774661.0,-691918.0,2082743.0,-1597961.0,-1356879.0,-111840.0,-129242.0,484782.0,6008.0,,490790,,490790,18922.0,509712,,509712,509712,ISDR,2016-12-31
997171,USD,2017,Q1,2017-05-04,2018-05-03,2898418.0,2980480.0,2856000.0,-746000.0,2110000.0,-1735000.0,-1504000.0,-125000.0,-106000.0,375000.0,-9000.0,,366000,,366000,-41000.0,325000,,325000,325000,ISDR,2017-03-31
997171,USD,2017,Q2,2017-08-03,2018-08-02,2940000.0,3021000.0,3443000.0,-909000.0,2534000.0,-1801000.0,-1569000.0,-129000.0,-103000.0,733000.0,-16000.0,,717000,,717000,-224000.0,493000,,493000,493000,ISDR,2017-06-30
997171,USD,2017,Q3,2017-11-02,2018-11-01,2955000.0,3036000.0,2931000.0,-821000.0,2110000.0,-1629000.0,-1371000.0,-156000.0,-102000.0,481000.0,1000.0,,482000,,482000,-174000.0,308000,,308000,308000,ISDR,2017-09-30
997171,USD,2017,Q4,2018-03-05,2019-02-28,2994582.0,3094520.0,3398000.0,-919000.0,2479000.0,-2040000.0,-1544000.0,-353000.0,-143000.0,439000.0,-2000.0,,437000,,437000,308000.0,745000,,745000,745000,ISDR,2017-12-31
997171,USD,2018,Q1,2018-05-03,2019-05-02,3036000.0,3111000.0,3530000.0,-1021000.0,2509000.0,-2194000.0,-1754000.0,-298000.0,-142000.0,315000.0,-5000.0,,310000,,310000,10000.0,320000,,320000,320000,ISDR,2018-03-31
997171,USD,2018,Q2,2018-08-02,2019-08-01,3074000.0,3137000.0,3799000.0,-1030000.0,2769000.0,-2174000.0,-1747000.0,-285000.0,-142000.0,595000.0,-5000.0,,590000,,590000,-224000.0,366000,,366000,366000,ISDR,2018-06-30
997171,USD,2018,Q3,2018-11-01,2019-10-31,3552000.0,3604000.0,3255000.0,-981000.0,2274000.0,-2155000.0,-1667000.0,-333000.0,-155000.0,119000.0,-1000.0,,118000,,118000,-32000.0,86000,,86000,86000,ISDR,2018-09-30
997171,USD,2018,Q4,2019-02-28,2020-02-27,3998000.0,4000000.0,3648000.0,-1071000.0,2577000.0,-2443000.0,-1919000.0,-360000.0,-164000.0,134000.0,58000.0,,192000,,192000,-127000.0,65000,,65000,65000,ISDR,2018-12-31
997171,USD,2019,Q1,2019-05-02,2020-04-30,3850000.0,3869000.0,4179000.0,-1302000.0,2877000.0,-2730000.0,-2181000.0,-337000.0,-212000.0,147000.0,71000.0,,218000,,218000,-13000.0,205000,,205000,205000,ISDR,2019-03-31
997171,USD,2019,Q2,2019-08-01,2019-08-01,3857000.0,3873000.0,4138000.0,-1250000.0,2888000.0,-2758000.0,-2197000.0,-343000.0,-218000.0,130000.0,115000.0,,245000,,245000,-33000.0,212000,,212000,212000,ISDR,2019-06-30
997171,USD,2019,Q3,2019-10-31,2019-10-31,3853000.0,3868000.0,4019000.0,-1222000.0,2797000.0,-2617000.0,-2100000.0,-288000.0,-229000.0,180000.0,79000.0,,259000,,259000,-59000.0,200000,,200000,200000,ISDR,2019-09-30
997171,USD,2019,Q4,2020-02-27,2021-03-04,3796000.0,3834000.0,3959000.0,-1306000.0,2653000.0,-2636000.0,-2159000.0,-251000.0,-226000.0,17000.0,56000.0,321000.0,73000,,73000,-4000.0,69000,,69000,69000,ISDR,2019-12-31
997171,USD,2020,Q1,2020-04-30,2021-05-06,3788.0,3824.0,4016000.0,-1253000.0,2763000.0,-2515000.0,-2112000.0,-194000.0,-209000.0,248000.0,58000.0,58000.0,306000,,306000,-80000.0,226000,,226000,226000,ISDR,2020-03-31
