SimFinId,Currency,Fiscal Year,Fiscal Period,Publish Date,Restated Date,Shares (Basic),Shares (Diluted),Revenue,Cost of Revenue,Gross Profit,Operating Expenses,"Selling, General & Administrative",Research & Development,Depreciation & Amortization,Operating Income (Loss),Non-Operating Income (Loss),"Interest Expense, Net","Pretax Income (Loss), Adj.",Abnormal Gains (Losses),Pretax Income (Loss),"Income Tax (Expense) Benefit, Net",Income (Loss) from Continuing Operations,Net Extraordinary Gains (Losses),Net Income,Net Income (Common),Ticker,Report_Date
628038,USD,2010,Q3,2010-10-22,2011-10-21,59800000.0,60200000.0,685000000.0,-449800000.0,235200000.0,-117600000.0,-117600000.0,,,117600000.0,-8400000.0,-7800000.0,109200000,,109200000,-37500000.0,71700000,,71300000,71300000,HUBB,2010-09-30
628038,USD,2010,Q4,2011-02-16,2013-02-13,60200000.0,60600000.0,639300000.0,-432500000.0,206800000.0,-115800000.0,-115800000.0,,,91000000.0,-8200000.0,-8200000.0,82800000,-14700000.0,68100000,-17900000.0,50200000,,49700000,49700000,HUBB,2010-12-31
628038,USD,2011,Q1,2011-04-22,2012-04-20,60400000.0,61200000.0,658100000.0,-452900000.0,205200000.0,-121600000.0,-121600000.0,,,83600000.0,-9600000.0,-7500000.0,74000000,,74000000,-23300000.0,50700000,,50300000,50300000,HUBB,2011-03-31
628038,USD,2011,Q2,2011-07-22,2012-07-20,60000000.0,60800000.0,709200000.0,-479300000.0,229900000.0,-124800000.0,-124800000.0,,,105100000.0,-9200000.0,-7500000.0,95900000,,95900000,-30200000.0,65700000,,65200000,65200000,HUBB,2011-06-30
628038,USD,2011,Q3,2011-10-21,2012-10-19,59300000.0,59900000.0,764300000.0,-512000000.0,252300000.0,-127000000.0,-127000000.0,,,125300000.0,-7300000.0,-7300000.0,118000000,,118000000,-34700000.0,83300000,,82400000,82400000,HUBB,2011-09-30
628038,USD,2011,Q4,2012-02-15,2014-02-18,59100000.0,59700000.0,740000000.0,-503700000.0,236300000.0,-126500000.0,-126500000.0,,,109800000.0,-7900000.0,-8600000.0,101900000,,101900000,-31400000.0,70500000,,70000000,70000000,HUBB,2011-12-31
628038,USD,2012,Q1,2012-04-20,2013-04-19,59200000.0,59900000.0,723800000.0,-489700000.0,234100000.0,-132400000.0,-132400000.0,,,101700000.0,-7100000.0,-7200000.0,94600000,,94600000,-31000000.0,63600000,,63200000,63200000,HUBB,2012-03-31
628038,USD,2012,Q2,2012-07-20,2013-07-19,59100000.0,59700000.0,778400000.0,-518600000.0,259800000.0,-135300000.0,-135300000.0,,,124500000.0,-8400000.0,-7100000.0,116100000,,116100000,-38100000.0,78000000,,77500000,77500000,HUBB,2012-06-30
628038,USD,2012,Q3,2012-10-19,2013-10-18,59100000.0,59700000.0,789700000.0,-521200000.0,268500000.0,-133400000.0,-133400000.0,,,135100000.0,-6100000.0,-7200000.0,129000000,,129000000,-41400000.0,87600000,,87100000,87100000,HUBB,2012-09-30
628038,USD,2012,Q4,2013-02-13,2015-02-19,59000000.0,59900000.0,752500000.0,-502700000.0,249800000.0,-139300000.0,-139300000.0,,,110500000.0,-8400000.0,-9300000.0,102100000,,102100000,-29200000.0,72900000,,71900000,71900000,HUBB,2012-12-31
628038,USD,2013,Q1,2013-04-19,2014-04-22,59100000.0,59600000.0,740100000.0,-503800000.0,236300000.0,-138600000.0,-138600000.0,,,97700000.0,-6500000.0,-7300000.0,91200000,,91200000,-24400000.0,66800000,,65900000,65900000,HUBB,2013-03-31
628038,USD,2013,Q2,2013-07-19,2014-07-22,59100000.0,59600000.0,801300000.0,-529300000.0,272000000.0,-139900000.0,-139900000.0,,,132100000.0,-9300000.0,-7300000.0,122800000,,122800000,-39800000.0,83000000,,82100000,82100000,HUBB,2013-06-30
628038,USD,2013,Q3,2013-10-18,2014-10-24,59100000.0,59500000.0,835900000.0,-544600000.0,291300000.0,-139700000.0,-139700000.0,,,151600000.0,-8300000.0,-7400000.0,143300000,,143300000,-46100000.0,97200000,,96500000,96500000,HUBB,2013-09-30
628038,USD,2013,Q4,2014-02-18,2016-02-18,59100000.0,59700000.0,806600000.0,-535700000.0,270900000.0,-144700000.0,-144700000.0,,,126200000.0,-9700000.0,-8800000.0,116500000,,116500000,-33700000.0,82800000,,82000000,82000000,HUBB,2013-12-31
628038,USD,2014,Q1,2014-04-22,2015-04-24,59000000.0,59500000.0,759500000.0,-514500000.0,245000000.0,-140200000.0,-140200000.0,,,104800000.0,-8700000.0,-7500000.0,96100000,,96100000,-30800000.0,65300000,,64200000,64200000,HUBB,2014-03-31
628038,USD,2014,Q2,2014-07-22,2015-07-24,59000000.0,59400000.0,855800000.0,-563300000.0,292500000.0,-148800000.0,-148800000.0,,,143700000.0,-7300000.0,-7000000.0,136400000,,136400000,-45600000.0,90800000,,90200000,90200000,HUBB,2014-06-30
628038,USD,2014,Q3,2014-10-24,2015-10-23,58900000.0,59400000.0,895300000.0,-599100000.0,296200000.0,-153400000.0,-153400000.0,,,142800000.0,-8000000.0,-7500000.0,134800000,,134800000,-44300000.0,90500000,,89600000,89600000,HUBB,2014-09-30
628038,USD,2014,Q4,2015-02-19,2017-02-16,58300000.0,58500000.0,848800000.0,-573500000.0,275300000.0,-149200000.0,-149200000.0,,,126100000.0,-7900000.0,-9200000.0,118200000,,118200000,-37600000.0,80600000,,81300000,81300000,HUBB,2014-12-31
628038,USD,2015,Q1,2015-04-24,2016-04-27,58000000.0,58300000.0,809700000.0,-557900000.0,251800000.0,-146800000.0,-146800000.0,,,105000000.0,-10300000.0,-7700000.0,94700000,,94700000,-31300000.0,63400000,,62400000,62400000,HUBB,2015-03-31
628038,USD,2015,Q2,2015-07-24,2016-07-27,57700000.0,58000000.0,874000000.0,-590900000.0,283100000.0,-156400000.0,-156400000.0,,,126700000.0,-8700000.0,-7400000.0,118000000,,118000000,-36700000.0,81300000,,80100000,80100000,HUBB,2015-06-30
628038,USD,2015,Q3,2015-10-23,2016-10-26,57700000.0,57900000.0,877000000.0,-587000000.0,290000000.0,-159000000.0,-159000000.0,,,131000000.0,-15900000.0,-7600000.0,115100000,,115100000,-40400000.0,74700000,,73300000,73300000,HUBB,2015-09-30
628038,USD,2015,Q4,2016-02-18,2018-02-15,57400000.0,57800000.0,829700000.0,-562800000.0,266900000.0,-155000000.0,-155000000.0,,,111900000.0,-21100000.0,-8300000.0,90800000,0.0,90800000,-28100000.0,62700000,,61500000,61500000,HUBB,2015-12-31
628038,USD,2016,Q1,2016-04-27,2017-04-26,56300000.0,56500000.0,834800000.0,-574900000.0,259900000.0,-158000000.0,-158000000.0,,,101900000.0,-10300000.0,-9000000.0,91600000,,91600000,-29600000.0,62000000,,60900000,60900000,HUBB,2016-03-31
628038,USD,2016,Q2,2016-07-27,2017-07-26,55300000.0,55600000.0,908800000.0,-615300000.0,293500000.0,-161400000.0,-161400000.0,,,132100000.0,-15300000.0,-11300000.0,116800000,,116800000,-34800000.0,82000000,,81000000,81000000,HUBB,2016-06-30
628038,USD,2016,Q3,2016-10-26,2017-10-25,55300000.0,55500000.0,907400000.0,-618700000.0,288700000.0,-152700000.0,-152700000.0,,,136000000.0,-11900000.0,-11600000.0,124100000,0.0,124100000,-36000000.0,88100000,,86700000,86700000,HUBB,2016-09-30
628038,USD,2016,Q4,2017-02-16,2018-02-15,55100000.0,55200000.0,854200000.0,-595600000.0,258600000.0,-150800000.0,-150800000.0,,,107800000.0,-9900000.0,-11500000.0,97900000,0.0,97900000,-32200000.0,65700000,,64400000,64400000,HUBB,2016-12-31
628038,USD,2017,Q1,2017-04-26,2017-04-26,55200000.0,55600000.0,852300000.0,-590500000.0,261800000.0,-157700000.0,-157700000.0,,,104100000.0,-13200000.0,-11100000.0,90900000,,90900000,-27000000.0,63900000,,62800000,62800000,HUBB,2017-03-31
628038,USD,2017,Q2,2017-07-26,2017-07-26,54800000.0,55100000.0,948300000.0,-653600000.0,294700000.0,-164100000.0,-164100000.0,,,130600000.0,-13900000.0,-11600000.0,116700000,,116700000,-35900000.0,80800000,,79100000,79100000,HUBB,2017-06-30
628038,USD,2017,Q3,2017-10-25,2017-10-25,54600000.0,54900000.0,950500000.0,-643600000.0,306900000.0,-160500000.0,-160500000.0,,,146400000.0,-12700000.0,-11600000.0,133700000,-10100000.0,123600000,-40800000.0,82800000,,80800000,80800000,HUBB,2017-09-30
628038,USD,2017,Q4,2018-02-15,2018-02-15,54600000.0,54800000.0,917700000.0,-629200000.0,288500000.0,-165900000.0,-165900000.0,,,122600000.0,-10700000.0,-10600000.0,111900000,0.0,111900000,-89500000.0,22400000,,20400000,20400000,HUBB,2017-12-31
628038,USD,2018,Q1,2018-04-25,2018-04-25,54700000.0,55100000.0,991200000.0,-708300000.0,282900000.0,-183300000.0,-183300000.0,,,99600000.0,-23800000.0,-17300000.0,75800000,,75800000,-16000000.0,59800000,,58300000,58300000,HUBB,2018-03-31
628038,USD,2018,Q2,2018-07-25,2018-07-25,54700000.0,54900000.0,1166700000.0,-818800000.0,347900000.0,-191000000.0,-191000000.0,,,156900000.0,-22900000.0,-18800000.0,134000000,,134000000,-31600000.0,102400000,,100300000,100300000,HUBB,2018-06-30
628038,USD,2018,Q3,2018-10-24,2018-10-24,54600000.0,54900000.0,1179700000.0,-830700000.0,349000000.0,-185200000.0,-185200000.0,,,163800000.0,-21300000.0,-18400000.0,142500000,0.0,142500000,-27800000.0,114700000,,113600000,113600000,HUBB,2018-09-30
628038,USD,2018,Q4,2019-02-15,2019-02-15,54400000.0,54700000.0,1144100000.0,-823500000.0,320600000.0,-184000000.0,-184000000.0,,,136600000.0,-21900000.0,-17900000.0,114700000,0.0,114700000,-25500000.0,89200000,,88000000,88000000,HUBB,2018-12-31
628038,USD,2019,Q1,2019-05-01,2019-05-01,54400000.0,54600000.0,1087300000.0,-780000000.0,307300000.0,-186400000.0,-186400000.0,,,120900000.0,-22900000.0,-17500000.0,98000000,,98000000,-24200000.0,73800000,,72300000,72300000,HUBB,2019-03-31
628038,USD,2019,Q2,2019-07-31,2019-07-31,54300000.0,54600000.0,1196400000.0,-839000000.0,357400000.0,-190500000.0,-190500000.0,,,166900000.0,-20400000.0,-17200000.0,146500000,-22900000.0,123600000,-25700000.0,97900000,,96000000,96000000,HUBB,2019-06-30
628038,USD,2019,Q3,2019-10-30,2019-10-30,54300000.0,54600000.0,1204000000.0,-842000000.0,362000000.0,-189100000.0,-189100000.0,,,172900000.0,-26600000.0,-17000000.0,146300000,21700000.0,168000000,-35400000.0,132600000,,130700000,130700000,HUBB,2019-09-30
628038,USD,2019,Q4,2020-02-14,2020-02-14,54600000.0,55000000.0,1103300000.0,-777300000.0,326000000.0,-190100000.0,-190100000.0,,,135900000.0,-19400000.0,-17700000.0,116500000,14400000.0,130900000,-27800000.0,103100000,,101900000,101900000,HUBB,2019-12-31
628038,USD,2020,Q1,2020-05-01,2021-04-28,54300000.0,54600000.0,1090300000.0,-776800000.0,313500000.0,-194700000.0,-194700000.0,,,118800000.0,-18900000.0,-15100000.0,99900000,,99900000,-24200000.0,75700000,,75000000,75000000,HUBB,2020-03-31
