SimFinId,Currency,Fiscal Year,Fiscal Period,Publish Date,Restated Date,Shares (Basic),Shares (Diluted),Revenue,Cost of Revenue,Gross Profit,Operating Expenses,"Selling, General & Administrative",Research & Development,Depreciation & Amortization,Operating Income (Loss),Non-Operating Income (Loss),"Interest Expense, Net","Pretax Income (Loss), Adj.",Abnormal Gains (Losses),Pretax Income (Loss),"Income Tax (Expense) Benefit, Net",Income (Loss) from Continuing Operations,Net Extraordinary Gains (Losses),Net Income,Net Income (Common),Ticker,Report_Date
366890,USD,2011,Q2,2011-05-06,2012-05-03,8533352.0,8549237.0,1979000.0,,1979000.0,-619000.0,-593000.0,,-26000.0,1360000.0,-16000.0,-17000.0,1344000,-779000.0,565000,-233000.0,332000,,332000,332000,HNNA,2011-03-31
366890,USD,2011,Q3,2011-08-04,2012-08-02,8533352.0,8551317.0,1923000.0,,1923000.0,-580000.0,-556000.0,,-24000.0,1343000.0,-15000.0,-15000.0,1328000,-726000.0,602000,-250000.0,352000,,352000,352000,HNNA,2011-06-30
366890,USD,2011,Q4,2011-12-09,2012-12-06,8731040.0,8781884.0,1793000.0,,1793000.0,-657000.0,-633000.0,,-24000.0,1136000.0,-16000.0,-16000.0,1120000,-662000.0,458000,-193000.0,265000,,265000,265000,HNNA,2011-09-30
366890,USD,2012,Q1,2012-01-19,2013-01-17,8543675.0,8569509.0,1717000.0,,1717000.0,-711000.0,-690000.0,,-21000.0,1006000.0,-13000.0,-14000.0,993000,-674000.0,319000,-167000.0,152000,,152000,152000,HNNA,2011-12-31
366890,USD,2012,Q2,2012-05-03,2013-05-08,8546610.0,8555264.0,1729000.0,,1729000.0,-561000.0,-536000.0,,-25000.0,1168000.0,-13000.0,-13000.0,1155000,-728000.0,427000,-181000.0,246000,,246000,246000,HNNA,2012-03-31
366890,USD,2012,Q3,2012-08-02,2013-08-07,8546610.0,8559183.0,1715000.0,,1715000.0,-499000.0,-476000.0,,-23000.0,1216000.0,-12000.0,-12000.0,1204000,-684000.0,520000,-217000.0,303000,,303000,303000,HNNA,2012-06-30
366890,USD,2012,Q4,2012-12-06,2013-12-04,8820692.0,8842061.0,1911000.0,,1911000.0,-543000.0,-517000.0,,-26000.0,1368000.0,-12000.0,-12000.0,1356000,-890000.0,466000,-196300.0,269700,,269700,269700,HNNA,2012-09-30
366890,USD,2013,Q1,2013-01-17,2014-01-30,8558672.0,8558672.0,4703000.0,,4703000.0,-980000.0,-942000.0,,-38000.0,3723000.0,-248000.0,-138000.0,3475000,-2123000.0,1352000,-584400.0,767600,,767600,767600,HNNA,2012-12-31
366890,USD,2013,Q2,2013-05-08,2014-05-05,8571839.0,8571839.0,5947000.0,,5947000.0,-1094000.0,-1049000.0,,-45000.0,4853000.0,-178000.0,-179000.0,4675000,-2800000.0,1875000,-758000.0,1117000,,1117000,1117000,HNNA,2013-03-31
366890,USD,2013,Q3,2013-08-07,2014-08-06,8575458.0,8581389.0,6506000.0,,6506000.0,-1237000.0,-1190000.0,,-47000.0,5269000.0,-177000.0,-177000.0,5092000,-2793000.0,2299000,-929000.0,1370000,,1370000,1370000,HNNA,2013-06-30
366890,USD,2013,Q4,2013-12-04,2014-12-02,9156618.0,9150687.0,7152000.0,,7152000.0,-1461000.0,-1403000.0,,-58000.0,5691000.0,-174000.0,-174000.0,5517000,-2891000.0,2626000,-1060600.0,1565400,,1565400,1565400,HNNA,2013-09-30
366890,USD,2014,Q1,2014-01-30,2015-01-29,8586708.0,8695890.0,7921000.0,,7921000.0,-1681000.0,-1621000.0,,-60000.0,6240000.0,-246000.0,-246000.0,5994000,-3165000.0,2829000,-1372000.0,1457000,,1457000,1457000,HNNA,2013-12-31
366890,USD,2014,Q2,2014-05-05,2015-05-05,8587232.0,8708010.0,8310000.0,,8310000.0,-1790000.0,-1730000.0,,-60000.0,6520000.0,-285000.0,-286000.0,6235000,-3341000.0,2894000,-1135000.0,1759000,,1759000,1759000,HNNA,2014-03-31
366890,USD,2014,Q3,2014-08-06,2015-08-03,8649564.0,8732583.0,8784000.0,,8784000.0,-1765000.0,-1704000.0,,-61000.0,7019000.0,-279000.0,-280000.0,6740000,-3306000.0,3434000,-1389000.0,2045000,,2045000,2045000,HNNA,2014-06-30
366890,USD,2014,Q4,2014-12-02,2015-11-30,9314351.0,9243915.0,9511000.0,,9511000.0,-1821000.0,-1760000.0,,-61000.0,7690000.0,-274000.0,-273000.0,7416000,-3511000.0,3905000,-1499000.0,2406000,,2406000,2406000,HNNA,2014-09-30
366890,USD,2015,Q1,2015-01-29,2016-01-28,8664173.0,8759486.0,9734000.0,,9734000.0,-2309000.0,-2244000.0,,-65000.0,7425000.0,-264000.0,-264000.0,7161000,-3663000.0,3498000,-1432000.0,2066000,,2066000,2066000,HNNA,2014-12-31
366890,USD,2015,Q2,2015-05-05,2016-05-04,8664248.0,8793839.0,10558000.0,,10558000.0,-2089000.0,-2024000.0,,-65000.0,8469000.0,-249000.0,-250000.0,8220000,-4049000.0,4171000,-1577000.0,2594000,,2594000,2594000,HNNA,2015-03-31
366890,USD,2015,Q3,2015-08-03,2016-08-03,8664174.0,8783096.0,11968000.0,,11968000.0,-1738000.0,-1671000.0,,-67000.0,10230000.0,-242000.0,-242000.0,9988000,-4551000.0,5437000,-2134000.0,3303000,,3303000,3303000,HNNA,2015-06-30
366890,USD,2015,Q4,2015-11-30,2017-12-04,9331782.0,9427715.0,12479000.0,,12479000.0,-1755000.0,-1687000.0,,-68000.0,10724000.0,-256000.0,-256000.0,10468000,-4771000.0,5697000,-2271000.0,3426000,,3426000,3426000,HNNA,2015-09-30
366890,USD,2016,Q1,2016-01-28,2017-01-26,7595016.0,7682156.0,13153000.0,,13153000.0,-1777000.0,-1689000.0,,-88000.0,11376000.0,-361000.0,-361000.0,11015000,-5115000.0,5900000,-2250000.0,3650000,,3650000,3650000,HNNA,2015-12-31
366890,USD,2016,Q2,2016-05-04,2017-05-01,7598415.0,7693611.0,12192000.0,,12192000.0,-1795000.0,-1706000.0,,-89000.0,10397000.0,-308000.0,-309000.0,10089000,-4945000.0,5144000,-1861000.0,3283000,,3283000,3283000,HNNA,2016-03-31
366890,USD,2016,Q3,2016-08-03,2017-08-02,7599812.0,7731141.0,12995000.0,,12995000.0,-1620000.0,-1532000.0,,-88000.0,11375000.0,-278000.0,-279000.0,11097000,-5242000.0,5855000,-1961000.0,3894000,,3894000,3894000,HNNA,2016-06-30
366890,USD,2016,Q4,2016-12-01,2017-12-04,7609088.0,7764953.0,13070000.0,,13070000.0,-1742000.0,-1654000.0,,-88000.0,11328000.0,-283000.0,-283000.0,11045000,-5384000.0,5661000,-2121000.0,3540000,,3540000,3540000,HNNA,2016-09-30
366890,USD,2017,Q1,2017-01-26,2018-01-25,7685676.0,7756053.0,13294000.0,,13294000.0,-1549000.0,-1456000.0,,-93000.0,11745000.0,-266000.0,-266000.0,11479000,-5503000.0,5976000,-1980000.0,3996000,,3996000,3996000,HNNA,2016-12-31
366890,USD,2017,Q2,2017-05-01,2017-05-01,7688994.0,7773622.0,13236000.0,,13236000.0,-1558000.0,-1467000.0,,-91000.0,11678000.0,-278000.0,-278000.0,11400000,-5567000.0,5833000,-2205000.0,3628000,,3628000,3628000,HNNA,2017-03-31
366890,USD,2017,Q3,2017-08-02,2017-08-02,7690443.0,7788456.0,13178000.0,,13178000.0,-1503000.0,-1412000.0,,-91000.0,11675000.0,-278000.0,-281000.0,11397000,-5405000.0,5992000,-2032000.0,3960000,,3960000,3960000,HNNA,2017-06-30
366890,USD,2017,Q4,2017-12-04,2017-12-04,7702635.0,7843977.0,13247000.0,,13247000.0,-1912000.0,-1821000.0,,-91000.0,11335000.0,-275000.0,-284000.0,11060000,-5612000.0,5448000,-2090000.0,3358000,,3358000,3358000,HNNA,2017-09-30
366890,USD,2018,Q1,2018-01-25,2018-01-25,7800409.0,7842707.0,13813000.0,,13813000.0,-1718000.0,-1635000.0,,-83000.0,12095000.0,-250000.0,-263000.0,11845000,-5698000.0,6147000,2040000.0,8187000,,8187000,8187000,HNNA,2017-12-31
366890,USD,2018,Q2,2018-05-02,2018-05-02,7805880.0,7886380.0,14006000.0,,14006000.0,-1648000.0,-1553000.0,,-95000.0,12358000.0,-244000.0,-266000.0,12114000,-6135000.0,5979000,-1424000.0,4555000,,4555000,4555000,HNNA,2018-03-31
366890,USD,2018,Q3,2018-08-01,2018-08-01,7807972.0,7924510.0,13567000.0,,13567000.0,-1595000.0,-1497000.0,,-98000.0,11972000.0,-235000.0,-279000.0,11737000,-5881000.0,5856000,-1638000.0,4218000,,4218000,4218000,HNNA,2018-06-30
366890,USD,2018,Q4,2018-11-28,2018-11-28,7819423.0,7909435.0,13204000.0,,13204000.0,-1658000.0,-1703000.0,,45000.0,11546000.0,-353000.0,-419000.0,11193000,-5782000.0,5411000,-1756000.0,3655000,,3655000,3655000,HNNA,2018-09-30
366890,USD,2019,Q1,2019-02-11,2019-02-11,7913894.0,7916870.0,11644000.0,,11644000.0,-1695000.0,-1640000.0,,-55000.0,9949000.0,-232000.0,-310000.0,9717000,-5344000.0,4373000,-1306000.0,3067000,,3067000,3067000,HNNA,2018-12-31
366890,USD,2019,Q2,2019-05-07,2019-05-07,7918281.0,7922408.0,10456000.0,,10456000.0,-1495000.0,-1441000.0,,-54000.0,8961000.0,-215000.0,-299000.0,8746000,-5003000.0,3743000,-843000.0,2900000,,2900000,2900000,HNNA,2019-03-31
366890,USD,2019,Q3,2019-08-07,2021-02-11,7706654.0,7725079.0,10244000.0,-2513000.0,7731000.0,-1684000.0,-1631000.0,,-53000.0,6047000.0,-131000.0,-187000.0,5916000,-2316000.0,3600000,-972000.0,2628000,,2628000,2628000,HNNA,2019-06-30
366890,USD,2019,Q4,2019-12-03,2021-02-11,7492311.0,7521887.0,10371000.0,2513000.0,12884000.0,-1659000.0,-1596000.0,,-63000.0,11225000.0,-168000.0,-288000.0,11057000,-7498000.0,3559000,-1123000.0,2436000,,2436000,2436000,HNNA,2019-09-30
366890,USD,2020,Q1,2020-02-11,2020-02-11,7501147.0,7537716.0,10244000.0,,10244000.0,-1684000.0,-1631000.0,,-53000.0,8560000.0,-131000.0,-187000.0,8429000,-4829000.0,3600000,-972000.0,2628000,,2628000,2628000,HNNA,2019-12-31
366890,USD,2020,Q2,2020-05-14,2021-05-12,7363938.0,7393167.0,8879000.0,-2414000.0,6465000.0,-1464000.0,-1403000.0,,-61000.0,5001000.0,-228000.0,-260000.0,4773000,-2008000.0,2765000,-795000.0,1970000,,1970000,1970000,HNNA,2020-03-31
