SimFinId,Currency,Fiscal Year,Fiscal Period,Publish Date,Restated Date,Shares (Basic),Shares (Diluted),Revenue,Cost of Revenue,Gross Profit,Operating Expenses,"Selling, General & Administrative",Research & Development,Depreciation & Amortization,Operating Income (Loss),Non-Operating Income (Loss),"Interest Expense, Net","Pretax Income (Loss), Adj.",Abnormal Gains (Losses),Pretax Income (Loss),"Income Tax (Expense) Benefit, Net",Income (Loss) from Continuing Operations,Net Extraordinary Gains (Losses),Net Income,Net Income (Common),Ticker,Report_Date
1057792,USD,2015,Q2,2015-08-05,2016-08-05,26689000.0,26970000.0,19232000.0,-5516000.0,13716000.0,-11310000.0,-10665000.0,,-645000.0,2406000.0,-1434000.0,-1177000.0,972000,,972000,-388000.0,584000,,584000,584000,WING,2015-06-30
1057792,USD,2015,Q3,2015-11-06,2016-11-02,28581000.0,28891000.0,19134000.0,-5328000.0,13806000.0,-7953000.0,-7317000.0,,-636000.0,5853000.0,-896000.0,-800000.0,4957000,,4957000,-1784000.0,3173000,,3173000,3173000,WING,2015-09-30
1057792,USD,2015,Q4,2016-02-05,2018-02-23,28428000.0,28796000.0,20577000.0,-5639000.0,14938000.0,-8430000.0,-7692000.0,,-738000.0,6508000.0,-727000.0,-713000.0,5781000,,5781000,-1986000.0,3795000,,3795000,3795000,WING,2015-12-31
1057792,USD,2016,Q1,2016-05-06,2017-05-05,28586000.0,28967000.0,22074000.0,-6077000.0,15997000.0,-8369000.0,-7655000.0,,-714000.0,7628000.0,-789000.0,-761000.0,6839000,,6839000,-2549000.0,4290000,,4290000,4290000,WING,2016-03-31
1057792,USD,2016,Q2,2016-08-05,2017-08-04,28646000.0,28989000.0,22723000.0,-6184000.0,16539000.0,-9299000.0,-8572000.0,,-727000.0,7240000.0,-717000.0,-707000.0,6523000,,6523000,-2444000.0,4079000,,4079000,4079000,WING,2016-06-30
1057792,USD,2016,Q3,2016-11-02,2017-11-03,28725000.0,29014000.0,21810000.0,-6091000.0,15719000.0,-9639000.0,-8893000.0,,-746000.0,6080000.0,-1606000.0,-1390000.0,4474000,,4474000,-1721000.0,2753000,,2753000,2753000,WING,2016-09-30
1057792,USD,2016,Q4,2017-03-03,2019-02-27,28591000.0,28962000.0,36717000.0,-6956000.0,29761000.0,-24102000.0,-23281000.0,,-821000.0,5659000.0,-1538000.0,-1538000.0,4121000,,4121000,-1474000.0,2647000,,2647000,2647000,WING,2016-12-31
1057792,USD,2017,Q1,2017-05-05,2018-05-04,28895000.0,29336000.0,33410000.0,-6600000.0,26810000.0,-18285000.0,-17530000.0,,-755000.0,8525000.0,-1299000.0,-1299000.0,7226000,,7226000,-969000.0,6257000,,6257000,6257000,WING,2017-03-31
1057792,USD,2017,Q2,2017-08-04,2018-08-03,29032000.0,29394000.0,31578000.0,-6867000.0,24711000.0,-16525000.0,-15754000.0,,-771000.0,8186000.0,-1307000.0,-1307000.0,6879000,,6879000,-1972000.0,4907000,,4907000,4907000,WING,2017-06-30
1057792,USD,2017,Q3,2017-11-03,2018-10-29,29081000.0,29384000.0,33123000.0,-7823000.0,25300000.0,-16604000.0,-15723000.0,,-881000.0,8696000.0,-1302000.0,-1302000.0,7394000,,7394000,-2690000.0,4704000,,4704000,4704000,WING,2017-09-30
1057792,USD,2017,Q4,2018-02-23,2020-02-19,29092000.0,29582000.0,35208000.0,-7455000.0,27753000.0,-19287000.0,-18318000.0,,-969000.0,8466000.0,-1223000.0,-1223000.0,7243000,,7243000,829000.0,8072000,,8072000,8072000,WING,2017-12-31
1057792,USD,2018,Q1,2018-05-04,2019-05-08,29116000.0,29503000.0,37389000.0,-7397000.0,29992000.0,-20426000.0,-19476000.0,,-950000.0,9566000.0,-1736000.0,-1736000.0,7830000,,7830000,-1662000.0,6168000,,6168000,6168000,WING,2018-03-31
1057792,USD,2018,Q2,2018-08-03,2019-08-01,29230000.0,29528000.0,37037000.0,-7745000.0,29292000.0,-19366000.0,-18287000.0,,-1079000.0,9926000.0,-2342000.0,-2342000.0,7584000,,7584000,-745000.0,6839000,,6839000,6839000,WING,2018-06-30
1057792,USD,2018,Q3,2018-10-29,2019-10-30,29284000.0,29584000.0,38246000.0,-8040000.0,30206000.0,-19850000.0,-18716000.0,,-1134000.0,10356000.0,-2545000.0,-2545000.0,7811000,,7811000,-1518000.0,6293000,,6293000,6293000,WING,2018-09-30
1057792,USD,2018,Q4,2019-02-27,2021-02-18,29294000.0,29733000.0,40509000.0,-8881000.0,31628000.0,-22949000.0,-21799000.0,,-1150000.0,8679000.0,-3500000.0,-3500000.0,5179000,-1477000.0,3702000,-1283000.0,2419000,,2419000,2419000,WING,2018-12-31
1057792,USD,2019,Q1,2019-05-08,2020-05-06,29337000.0,29637000.0,48053000.0,-9730000.0,38323000.0,-26552000.0,-25276000.0,,-1276000.0,11771000.0,-4410000.0,-4410000.0,7361000,,7361000,-755000.0,6606000,,6606000,6606000,WING,2019-03-31
1057792,USD,2019,Q2,2019-08-01,2020-07-29,29418000.0,29667000.0,48562000.0,-10573000.0,37989000.0,-27702000.0,-26367000.0,,-1335000.0,10287000.0,-4299000.0,-4299000.0,5988000,,5988000,-1070000.0,4918000,,4918000,4918000,WING,2019-06-30
1057792,USD,2019,Q3,2019-10-30,2020-11-02,29449000.0,29696000.0,49875000.0,-10339000.0,39536000.0,-27587000.0,-26179000.0,,-1408000.0,11949000.0,-4243000.0,-4243000.0,7706000,,7706000,-1801000.0,5905000,,5905000,5905000,WING,2019-09-30
1057792,USD,2019,Q4,2020-02-19,2021-02-18,29456000.0,29680000.0,53186000.0,-10463000.0,42723000.0,-33829000.0,-32364000.0,,-1465000.0,8894000.0,-4184000.0,-4184000.0,4710000,,4710000,-1663000.0,3047000,,3047000,3047000,WING,2019-12-31
1057792,USD,2020,Q1,2020-05-06,2021-04-28,29487000.0,29742000.0,55436000.0,-11176000.0,44260000.0,-30789000.0,-29234000.0,,-1555000.0,13471000.0,-4145000.0,-4145000.0,9326000,,9326000,-1230000.0,8096000,,8096000,8096000,WING,2020-03-31
