SimFinId,Currency,Fiscal Year,Fiscal Period,Publish Date,Restated Date,Shares (Basic),Shares (Diluted),Revenue,Cost of Revenue,Gross Profit,Operating Expenses,"Selling, General & Administrative",Research & Development,Depreciation & Amortization,Operating Income (Loss),Non-Operating Income (Loss),"Interest Expense, Net","Pretax Income (Loss), Adj.",Abnormal Gains (Losses),Pretax Income (Loss),"Income Tax (Expense) Benefit, Net",Income (Loss) from Continuing Operations,Net Extraordinary Gains (Losses),Net Income,Net Income (Common),Ticker,Report_Date
62747,USD,2000,Q4,2001-01-24,2003-02-19,413000000.0,424000000.0,972360000.0,-748060000.0,224300000.0,-362344000.0,-83427000.0,,-79210000.0,-138044000.0,-30480000.0,-25115000.0,-168524000,-339057000.0,-507581000,,-545140000,,-545140000,-545140000,AMZN,2000-12-31
62747,USD,2001,Q1,2001-04-27,2002-04-24,413000000.0,424000000.0,700356000.0,-517759000.0,182597000.0,-284945000.0,-62666000.0,,-50831000.0,-102348000.0,-27682000.0,-23798000.0,-130030000,-80403000.0,-210433000,,-223608000,,-223608000,-234131000,AMZN,2001-03-31
62747,USD,2001,Q2,2001-07-23,2002-07-26,413000000.0,424000000.0,667625000.0,-487905000.0,179720000.0,-260910000.0,-57436000.0,,-50830000.0,-81190000.0,-29519000.0,-28341000.0,-110709000,-47335000.0,-158044000,,-168359000,,-168359000,-168359000,AMZN,2001-06-30
62747,USD,2001,Q3,2001-10-30,2002-10-25,413000000.0,424000000.0,639281000.0,-477089000.0,162192000.0,-228532000.0,-54018000.0,,-41835000.0,-66340000.0,-30933000.0,-28730000.0,-97273000,-67619000.0,-164892000,,-169874000,,-169874000,-169874000,AMZN,2001-09-30
62747,USD,2001,Q4,2002-01-24,2004-02-25,413000000.0,424000000.0,1115171000.0,-841122000.0,274049000.0,-254843000.0,-54025000.0,,-37537000.0,19206000.0,-23895000.0,-29260000.0,-4689000,11631000.0,6942000,,5087000,,5087000,5087000,AMZN,2001-12-31
62747,USD,2002,Q1,2002-04-24,2003-04-25,413000000.0,424000000.0,847422000.0,-624297000.0,223125000.0,-211377000.0,-53155000.0,,-1979000.0,11748000.0,-29497000.0,-29592000.0,-17749000,-4458000.0,-22207000,,-23951000,,-23951000,-23150000,AMZN,2002-03-31
62747,USD,2002,Q2,2002-07-26,2003-07-24,413000000.0,424000000.0,805605000.0,-587438000.0,218167000.0,-216695000.0,-48257000.0,,-1374000.0,1472000.0,-30403000.0,-30001000.0,-28931000,-63454000.0,-92385000,,-93553000,,-93553000,-93553000,AMZN,2002-06-30
62747,USD,2002,Q3,2002-10-25,2003-10-24,413000000.0,424000000.0,851299000.0,-635132000.0,216167000.0,-189055000.0,-45426000.0,,-1212000.0,27112000.0,-27139000.0,-30322000.0,-27000,-34496000.0,-34523000,,-35080000,,-35080000,-35080000,AMZN,2002-09-30
62747,USD,2002,Q4,2003-02-19,2005-03-11,413000000.0,424000000.0,1428610000.0,-1093451000.0,335159000.0,-311367000.0,-57594000.0,,4565000.0,23792000.0,-27276000.0,-29323000.0,-3484000,1966000.0,-1518000,700000.0,2651000,,2651000,2651000,AMZN,2002-12-31
62747,USD,2003,Q1,2003-04-25,2004-04-23,413000000.0,424000000.0,1083559000.0,-812977000.0,270582000.0,-231357000.0,-49329000.0,,,39225000.0,-27112000.0,-29971000.0,12113000,-22234000.0,-10121000,,-10121000,,-10121000,-10121000,AMZN,2003-03-31
62747,USD,2003,Q2,2003-07-24,2003-07-24,413000000.0,424000000.0,1099912000.0,-825984000.0,273928000.0,-232105000.0,-47149000.0,,-913000.0,41823000.0,-24921000.0,-28606000.0,16902000,-60216000.0,-43314000,,-43314000,,-43314000,-43314000,AMZN,2003-06-30
62747,USD,2003,Q3,2003-10-24,2003-10-24,413000000.0,424000000.0,1134456000.0,-848635000.0,285821000.0,-233890000.0,-51336000.0,,-786000.0,51931000.0,-25226000.0,-25478000.0,26705000,-11142000.0,15563000,,15563000,,15563000,15563000,AMZN,2003-09-30
62747,USD,2003,Q4,2004-02-25,2006-02-17,413000000.0,424000000.0,1946073000.0,-1519404000.0,426669000.0,-289648000.0,-84186000.0,,1699000.0,137021000.0,-23741000.0,-23945000.0,113280000,-36408000.0,76872000,-4000000.0,72872000,,72872000,72872000,AMZN,2003-12-31
62747,USD,2004,Q1,2004-04-23,2005-04-28,413000000.0,424000000.0,1530000000.0,-1169000000.0,361000000.0,-251000000.0,-64000000.0,,,110000000.0,-21000000.0,-22000000.0,89000000,20000000.0,109000000,2000000.0,111000000,,111000000,111000000,AMZN,2004-03-31
62747,USD,2004,Q2,2004-07-23,2005-07-28,413000000.0,424000000.0,1387000000.0,-1046000000.0,341000000.0,-255000000.0,-65000000.0,,,86000000.0,-21000000.0,-21000000.0,65000000,16000000.0,81000000,-5000000.0,76000000,,76000000,76000000,AMZN,2004-06-30
62747,USD,2004,Q3,2004-10-22,2005-10-27,413000000.0,424000000.0,1463000000.0,-1107000000.0,356000000.0,-275000000.0,-63000000.0,,,81000000.0,-19000000.0,-19000000.0,62000000,-5000000.0,57000000,-3000000.0,54000000,,54000000,54000000,AMZN,2004-09-30
62747,USD,2004,Q4,2005-03-11,2007-02-16,413000000.0,424000000.0,2541000000.0,-1997000000.0,544000000.0,-381000000.0,-94000000.0,,,163000000.0,-23000000.0,-17000000.0,140000000,-32000000.0,108000000,239000000.0,347000000,,347000000,347000000,AMZN,2004-12-31
62747,USD,2005,Q1,2005-04-28,2006-04-27,413000000.0,424000000.0,1902000000.0,-1444000000.0,458000000.0,-350000000.0,-91000000.0,,,108000000.0,-14000000.0,-17000000.0,94000000,14000000.0,108000000,-56000000.0,52000000,,52000000,78000000,AMZN,2005-03-31
62747,USD,2005,Q2,2005-07-28,2006-07-27,413000000.0,424000000.0,1753000000.0,-1303000000.0,450000000.0,-346000000.0,-80000000.0,,,104000000.0,-14000000.0,-13000000.0,90000000,18000000.0,108000000,-56000000.0,52000000,,52000000,52000000,AMZN,2005-06-30
62747,USD,2005,Q3,2005-10-27,2006-10-26,413000000.0,424000000.0,1858000000.0,-1395000000.0,463000000.0,-408000000.0,-76000000.0,,,55000000.0,-10000000.0,-10000000.0,45000000,6000000.0,51000000,-21000000.0,30000000,,30000000,30000000,AMZN,2005-09-30
62747,USD,2005,Q4,2006-02-17,2008-02-11,413000000.0,424000000.0,2977000000.0,-2309000000.0,668000000.0,-503000000.0,-117000000.0,,,165000000.0,-8000000.0,-8000000.0,157000000,4000000.0,161000000,38000000.0,199000000,,199000000,199000000,AMZN,2005-12-31
62747,USD,2006,Q1,2006-04-27,2007-04-26,413000000.0,424000000.0,2279000000.0,-1732000000.0,547000000.0,-441000000.0,-99000000.0,,,106000000.0,-7000000.0,-6000000.0,99000000,-3000000.0,96000000,-45000000.0,51000000,,51000000,51000000,AMZN,2006-03-31
62747,USD,2006,Q2,2006-07-27,2007-07-26,413000000.0,424000000.0,2139000000.0,-1630000000.0,509000000.0,-462000000.0,-103000000.0,,,47000000.0,-5000000.0,-6000000.0,42000000,12000000.0,54000000,-32000000.0,22000000,,22000000,22000000,AMZN,2006-06-30
62747,USD,2006,Q3,2006-10-26,2007-10-25,413000000.0,424000000.0,2307000000.0,-1758000000.0,549000000.0,-509000000.0,-118000000.0,,,40000000.0,-3000000.0,-7000000.0,37000000,1000000.0,38000000,-19000000.0,19000000,,19000000,19000000,AMZN,2006-09-30
62747,USD,2006,Q4,2007-02-16,2009-01-30,413000000.0,424000000.0,3986000000.0,-3135000000.0,851000000.0,-655000000.0,-138000000.0,,,196000000.0,3000000.0,0.0,199000000,-10000000.0,189000000,-91000000.0,98000000,,98000000,98000000,AMZN,2006-12-31
62747,USD,2007,Q1,2007-04-26,2008-04-25,413000000.0,424000000.0,3015000000.0,-2296000000.0,719000000.0,-574000000.0,-128000000.0,,,145000000.0,1000000.0,1000000.0,146000000,-2000000.0,144000000,-33000000.0,111000000,,111000000,111000000,AMZN,2007-03-31
62747,USD,2007,Q2,2007-07-26,2008-07-25,413000000.0,424000000.0,2886000000.0,-2185000000.0,701000000.0,-585000000.0,-123000000.0,,,116000000.0,-5000000.0,1000000.0,111000000,,111000000,-33000000.0,78000000,,78000000,78000000,AMZN,2007-06-30
62747,USD,2007,Q3,2007-10-25,2008-10-22,413000000.0,424000000.0,3262000000.0,-2500000000.0,762000000.0,-639000000.0,-131000000.0,,,123000000.0,1000000.0,4000000.0,124000000,,124000000,-44000000.0,80000000,,80000000,80000000,AMZN,2007-09-30
62747,USD,2007,Q4,2008-02-11,2010-01-29,413000000.0,424000000.0,5672000000.0,-4501000000.0,1171000000.0,-900000000.0,-197000000.0,,,271000000.0,8000000.0,7000000.0,279000000,2000000.0,281000000,-74000000.0,207000000,,207000000,207000000,AMZN,2007-12-31
62747,USD,2008,Q1,2008-04-25,2009-04-24,418000000.0,426000000.0,4135000000.0,-3179000000.0,956000000.0,-758000000.0,-164000000.0,,,198000000.0,9000000.0,4000000.0,207000000,,207000000,-62000000.0,143000000,,143000000,143000000,AMZN,2008-03-31
62747,USD,2008,Q2,2008-07-25,2009-07-24,420000000.0,430000000.0,4063000000.0,-3096000000.0,967000000.0,-750000000.0,-176000000.0,,,217000000.0,-9000000.0,-1000000.0,208000000,,208000000,-46000000.0,158000000,,158000000,158000000,AMZN,2008-06-30
62747,USD,2008,Q3,2008-10-22,2009-10-23,427000000.0,436000000.0,4264000000.0,-3265000000.0,999000000.0,-845000000.0,-181000000.0,,,154000000.0,28000000.0,4000000.0,182000000,,182000000,-59000000.0,118000000,,118000000,118000000,AMZN,2008-09-30
62747,USD,2008,Q4,2009-01-30,2011-01-28,429000000.0,435000000.0,6704000000.0,-5356000000.0,1348000000.0,-1075000000.0,-240000000.0,,,273000000.0,31000000.0,5000000.0,304000000,,304000000,-80000000.0,226000000,,226000000,226000000,AMZN,2008-12-31
62747,USD,2009,Q1,2009-04-24,2010-04-23,429000000.0,437000000.0,4889000000.0,-3741000000.0,1148000000.0,-904000000.0,-196000000.0,,,244000000.0,4000000.0,0.0,248000000,,248000000,-69000000.0,177000000,,177000000,177000000,AMZN,2009-03-31
62747,USD,2009,Q2,2009-07-24,2010-07-23,431000000.0,440000000.0,4651000000.0,-3518000000.0,1133000000.0,-974000000.0,-206000000.0,,,159000000.0,20000000.0,1000000.0,179000000,,179000000,-39000000.0,142000000,,142000000,142000000,AMZN,2009-06-30
62747,USD,2009,Q3,2009-10-23,2010-10-22,432000000.0,441000000.0,5449000000.0,-4176000000.0,1273000000.0,-1022000000.0,-232000000.0,,,251000000.0,11000000.0,0.0,262000000,,262000000,-60000000.0,199000000,,199000000,199000000,AMZN,2009-09-30
62747,USD,2009,Q4,2010-01-29,2012-02-01,440000000.0,450000000.0,9520000000.0,-7543000000.0,1977000000.0,-1502000000.0,-374000000.0,,,475000000.0,-3000000.0,2000000.0,472000000,,472000000,-85000000.0,384000000,,384000000,384000000,AMZN,2009-12-31
62747,USD,2010,Q1,2010-04-23,2011-04-27,445000000.0,454000000.0,7131000000.0,-5501000000.0,1630000000.0,-1236000000.0,-298000000.0,,,394000000.0,7000000.0,4000000.0,401000000,,401000000,-100000000.0,299000000,,299000000,299000000,AMZN,2010-03-31
62747,USD,2010,Q2,2010-07-23,2011-07-27,447000000.0,455000000.0,6566000000.0,-4957000000.0,1609000000.0,-1339000000.0,-324000000.0,,,270000000.0,27000000.0,3000000.0,297000000,,297000000,-88000000.0,207000000,,207000000,207000000,AMZN,2010-06-30
62747,USD,2010,Q3,2010-10-22,2011-10-26,448000000.0,456000000.0,7560000000.0,-5786000000.0,1774000000.0,-1506000000.0,-358000000.0,,,268000000.0,24000000.0,2000000.0,292000000,,292000000,-79000000.0,231000000,,231000000,231000000,AMZN,2010-09-30
62747,USD,2010,Q4,2011-02-28,2013-01-30,448000000.0,459000000.0,12947000000.0,-10317000000.0,2630000000.0,-2156000000.0,-519000000.0,,,474000000.0,33000000.0,3000000.0,507000000,,507000000,-85000000.0,415000000,,415000000,415000000,AMZN,2010-12-31
62747,USD,2011,Q1,2011-04-27,2012-04-27,453000000.0,460000000.0,9857000000.0,-7608000000.0,2249000000.0,-1927000000.0,-460000000.0,,,322000000.0,-15000000.0,3000000.0,307000000,,307000000,-89000000.0,201000000,,201000000,201000000,AMZN,2011-03-31
62747,USD,2011,Q2,2011-07-27,2012-07-27,451000000.0,458000000.0,9913000000.0,-7525000000.0,2388000000.0,-2187000000.0,-507000000.0,,,201000000.0,24000000.0,1000000.0,225000000,,225000000,-49000000.0,191000000,,191000000,191000000,AMZN,2011-06-30
62747,USD,2011,Q3,2011-10-26,2012-10-26,452000000.0,452000000.0,10876000000.0,-8325000000.0,2551000000.0,-2472000000.0,-545000000.0,,,79000000.0,51000000.0,-1000000.0,130000000,,130000000,-67000000.0,63000000,,63000000,63000000,AMZN,2011-09-30
62747,USD,2011,Q4,2012-02-01,2014-01-31,456000000.0,474000000.0,17431000000.0,-13830000000.0,3601000000.0,-3341000000.0,-776000000.0,,,260000000.0,12000000.0,-7000000.0,272000000,,272000000,-86000000.0,176000000,,176000000,176000000,AMZN,2011-12-31
62747,USD,2012,Q1,2012-04-27,2013-04-26,453000000.0,460000000.0,13185000000.0,-10027000000.0,3158000000.0,-2966000000.0,-680000000.0,,,192000000.0,-108000000.0,-9000000.0,84000000,,84000000,-43000000.0,130000000,,130000000,130000000,AMZN,2012-03-31
62747,USD,2012,Q2,2012-07-27,2013-07-26,451000000.0,458000000.0,12834000000.0,-9488000000.0,3346000000.0,-3239000000.0,-769000000.0,,,107000000.0,39000000.0,-11000000.0,146000000,,146000000,-109000000.0,7000000,,7000000,7000000,AMZN,2012-06-30
62747,USD,2012,Q3,2012-10-26,2013-10-25,452000000.0,452000000.0,13806000000.0,-10319000000.0,3487000000.0,-3515000000.0,-770000000.0,,,-28000000.0,6000000.0,-12000000.0,-22000000,,-22000000,-83000000.0,-274000000,,-274000000,-274000000,AMZN,2012-09-30
62747,USD,2012,Q4,2013-01-30,2015-01-30,456000000.0,442000000.0,21268000000.0,-16137000000.0,5131000000.0,-4726000000.0,-1085000000.0,,,405000000.0,-69000000.0,-20000000.0,336000000,,336000000,-193000000.0,98000000,,98000000,98000000,AMZN,2012-12-31
62747,USD,2013,Q1,2013-04-26,2014-04-25,455000000.0,463000000.0,16070000000.0,-11801000000.0,4269000000.0,-4088000000.0,-878000000.0,,,181000000.0,-100000000.0,-23000000.0,81000000,,81000000,18000000.0,82000000,,82000000,82000000,AMZN,2013-03-31
62747,USD,2013,Q2,2013-07-26,2014-07-25,456000000.0,456000000.0,15704000000.0,-11209000000.0,4495000000.0,-4416000000.0,-961000000.0,,,79000000.0,-62000000.0,-24000000.0,17000000,,17000000,-13000000.0,-7000000,,-7000000,-7000000,AMZN,2013-06-30
62747,USD,2013,Q3,2013-10-25,2014-10-24,457000000.0,457000000.0,17092000000.0,-12366000000.0,4726000000.0,-4751000000.0,-972000000.0,,,-25000000.0,-18000000.0,-27000000.0,-43000000,,-43000000,12000000.0,-41000000,,-41000000,-41000000,AMZN,2013-09-30
62747,USD,2013,Q4,2014-01-31,2016-01-29,460000000.0,484000000.0,25586000000.0,-18805000000.0,6781000000.0,-6271000000.0,-1451000000.0,,,510000000.0,-59000000.0,-29000000.0,451000000,,451000000,-178000000.0,240000000,,240000000,240000000,AMZN,2013-12-31
62747,USD,2014,Q1,2014-04-25,2015-04-24,460000000.0,468000000.0,19741000000.0,-14055000000.0,5686000000.0,-5540000000.0,-1197000000.0,,,146000000.0,-26000000.0,-31000000.0,120000000,,120000000,-73000000.0,108000000,,108000000,108000000,AMZN,2014-03-31
62747,USD,2014,Q2,2014-07-25,2015-07-24,461000000.0,461000000.0,19340000000.0,-13399000000.0,5941000000.0,-5956000000.0,-1320000000.0,,,-15000000.0,-12000000.0,-34000000.0,-27000000,,-27000000,-94000000.0,-126000000,,-126000000,-126000000,AMZN,2014-06-30
62747,USD,2014,Q3,2014-10-24,2015-10-23,463000000.0,463000000.0,20579000000.0,-14627000000.0,5952000000.0,-6496000000.0,-1399000000.0,,,-544000000.0,-90000000.0,-40000000.0,-634000000,,-634000000,205000000.0,-437000000,,-437000000,-437000000,AMZN,2014-09-30
62747,USD,2014,Q4,2015-01-30,2017-02-10,464000000.0,456000000.0,29328000000.0,-20671000000.0,8657000000.0,-8066000000.0,-1968000000.0,,,591000000.0,-161000000.0,-66000000.0,430000000,,430000000,-205000000.0,214000000,,214000000,214000000,AMZN,2014-12-31
62747,USD,2015,Q1,2015-04-24,2016-04-29,465000000.0,465000000.0,22717000000.0,-15395000000.0,7322000000.0,-7067000000.0,-1510000000.0,,,255000000.0,-234000000.0,-104000000.0,21000000,,21000000,-71000000.0,-57000000,,-57000000,-57000000,AMZN,2015-03-31
62747,USD,2015,Q2,2015-07-24,2016-07-29,467000000.0,476000000.0,23185000000.0,-15160000000.0,8025000000.0,-7561000000.0,-1617000000.0,,,464000000.0,-102000000.0,-102000000.0,362000000,,362000000,-266000000.0,92000000,,92000000,92000000,AMZN,2015-06-30
62747,USD,2015,Q3,2015-10-23,2016-10-28,468000000.0,478000000.0,25358000000.0,-16755000000.0,8603000000.0,-8197000000.0,-1727000000.0,,,406000000.0,-159000000.0,-103000000.0,247000000,,247000000,-161000000.0,79000000,,79000000,79000000,AMZN,2015-09-30
62747,USD,2015,Q4,2016-01-29,2018-02-02,468000000.0,489000000.0,35746000000.0,-24341000000.0,11405000000.0,-10297000000.0,-2147000000.0,,,1108000000.0,-170000000.0,-100000000.0,938000000,,938000000,-452000000.0,482000000,,482000000,482000000,AMZN,2015-12-31
62747,USD,2016,Q1,2016-04-29,2017-04-28,471000000.0,481000000.0,29128000000.0,-18866000000.0,10262000000.0,-9191000000.0,-1933000000.0,,,1071000000.0,-15000000.0,-96000000.0,1056000000,,1056000000,-475000000.0,513000000,,513000000,513000000,AMZN,2016-03-31
62747,USD,2016,Q2,2016-07-29,2017-07-28,473000000.0,483000000.0,30404000000.0,-19180000000.0,11224000000.0,-9939000000.0,-2126000000.0,,,1285000000.0,-106000000.0,-92000000.0,1179000000,,1179000000,-307000000.0,857000000,,857000000,857000000,AMZN,2016-06-30
62747,USD,2016,Q3,2016-10-28,2017-10-27,474000000.0,485000000.0,32714000000.0,-21260000000.0,11454000000.0,-10879000000.0,-2377000000.0,,,575000000.0,-84000000.0,-92000000.0,491000000,,491000000,-229000000.0,252000000,,252000000,252000000,AMZN,2016-09-30
62747,USD,2016,Q4,2017-02-10,2019-02-01,478000000.0,487000000.0,43741000000.0,-28959000000.0,14782000000.0,-13527000000.0,-3229000000.0,,,1255000000.0,-89000000.0,-104000000.0,1166000000,,1166000000,-414000000.0,749000000,,749000000,749000000,AMZN,2016-12-31
62747,USD,2017,Q1,2017-04-28,2018-04-27,477000000.0,490000000.0,35714000000.0,-22440000000.0,13274000000.0,-12269000000.0,-2715000000.0,,,1005000000.0,-52000000.0,-100000000.0,953000000,,953000000,-229000000.0,724000000,,724000000,724000000,AMZN,2017-03-31
62747,USD,2017,Q2,2017-07-28,2018-07-27,479000000.0,492000000.0,37955000000.0,-23451000000.0,14504000000.0,-13876000000.0,-3103000000.0,,,628000000.0,38000000.0,-99000000.0,666000000,,666000000,-467000000.0,197000000,,197000000,197000000,AMZN,2017-06-30
62747,USD,2017,Q3,2017-10-27,2018-10-26,481000000.0,494000000.0,43744000000.0,-27549000000.0,16195000000.0,-15848000000.0,-3439000000.0,,,347000000.0,-31000000.0,-174000000.0,316000000,,316000000,-58000000.0,256000000,,256000000,256000000,AMZN,2017-09-30
62747,USD,2017,Q4,2018-02-02,2020-01-31,483000000.0,496000000.0,60453000000.0,-38494000000.0,21959000000.0,-19833000000.0,-4486000000.0,,,2126000000.0,-255000000.0,-273000000.0,1871000000,,1871000000,-15000000.0,1856000000,,1856000000,1856000000,AMZN,2017-12-31
62747,USD,2018,Q1,2018-04-27,2019-04-26,484000000.0,498000000.0,51042000000.0,-30735000000.0,20307000000.0,-18380000000.0,-3766000000.0,,,1927000000.0,-11000000.0,-250000000.0,1916000000,,1916000000,-287000000.0,1629000000,,1629000000,1629000000,AMZN,2018-03-31
62747,USD,2018,Q2,2018-07-27,2019-07-26,486000000.0,500000000.0,52886000000.0,-30632000000.0,22254000000.0,-19271000000.0,-4012000000.0,,,2983000000.0,-378000000.0,-249000000.0,2605000000,,2605000000,-74000000.0,2534000000,,2534000000,2534000000,AMZN,2018-06-30
62747,USD,2018,Q3,2018-10-26,2019-10-25,488000000.0,501000000.0,56576000000.0,-33003000000.0,23573000000.0,-19849000000.0,-4344000000.0,,,3724000000.0,-334000000.0,-241000000.0,3390000000,,3390000000,-508000000.0,2883000000,,2883000000,2883000000,AMZN,2018-09-30
62747,USD,2018,Q4,2019-02-01,2021-02-03,490000000.0,501000000.0,72383000000.0,-44786000000.0,27597000000.0,-23810000000.0,-6028000000.0,,,3787000000.0,-437000000.0,-237000000.0,3350000000,,3350000000,-328000000.0,3027000000,,3027000000,3027000000,AMZN,2018-12-31
62747,USD,2019,Q1,2019-04-26,2020-05-01,491000000.0,502000000.0,59700000000.0,-33920000000.0,25780000000.0,-21360000000.0,-4837000000.0,,,4420000000.0,-19000000.0,-183000000.0,4401000000,,4401000000,-836000000.0,3561000000,,3561000000,3561000000,AMZN,2019-03-31
62747,USD,2019,Q2,2019-07-26,2020-07-31,493000000.0,503000000.0,63404000000.0,-36337000000.0,27067000000.0,-23983000000.0,-5561000000.0,,,3084000000.0,-195000000.0,-168000000.0,2889000000,,2889000000,-257000000.0,2625000000,,2625000000,2625000000,AMZN,2019-06-30
62747,USD,2019,Q3,2019-10-25,2019-10-25,495000000.0,504000000.0,69981000000.0,-41302000000.0,28679000000.0,-25522000000.0,-6100000000.0,,,3157000000.0,-525000000.0,-172000000.0,2632000000,,2632000000,-494000000.0,2134000000,,2134000000,2134000000,AMZN,2019-09-30
62747,USD,2019,Q4,2020-01-31,2021-02-03,497000000.0,507000000.0,87437000000.0,-53977000000.0,33460000000.0,-29580000000.0,-7583000000.0,,,3880000000.0,174000000.0,-245000000.0,4054000000,,4054000000,-787000000.0,3268000000,,3268000000,3268000000,AMZN,2019-12-31
62747,USD,2020,Q1,2020-05-01,2021-04-30,498000000.0,506000000.0,75452000000.0,-44257000000.0,31195000000.0,-27206000000.0,-6280000000.0,,,3989000000.0,-606000000.0,-200000000.0,3383000000,,3383000000,-744000000.0,2535000000,,2535000000,2535000000,AMZN,2020-03-31
