SimFinId,Currency,Fiscal Year,Fiscal Period,Publish Date,Restated Date,Shares (Basic),Shares (Diluted),Revenue,Cost of Revenue,Gross Profit,Operating Expenses,"Selling, General & Administrative",Research & Development,Depreciation & Amortization,Operating Income (Loss),Non-Operating Income (Loss),"Interest Expense, Net","Pretax Income (Loss), Adj.",Abnormal Gains (Losses),Pretax Income (Loss),"Income Tax (Expense) Benefit, Net",Income (Loss) from Continuing Operations,Net Extraordinary Gains (Losses),Net Income,Net Income (Common),Ticker,Report_Date
116466,USD,2010,Q2,2010-07-30,2011-08-01,180000000.0,187000000.0,963000000.0,-465000000.0,498000000.0,-326000000.0,-284000000.0,,-42000000.0,172000000.0,-31000000.0,-34000000.0,141000000,,141000000,-46000000.0,95000000,,95000000,95000000,TNL,2010-06-30
116466,USD,2010,Q3,2010-10-28,2011-10-26,177000000.0,184000000.0,1065000000.0,-489000000.0,576000000.0,-293000000.0,-250000000.0,,-43000000.0,283000000.0,-44000000.0,-45000000.0,239000000,-4000000.0,235000000,-79000000.0,156000000,,156000000,156000000,TNL,2010-09-30
116466,USD,2010,Q4,2011-02-22,2013-02-15,175000000.0,183000000.0,937000000.0,-481000000.0,456000000.0,-310000000.0,-266000000.0,,-44000000.0,146000000.0,-2000000.0,-4000000.0,144000000,-39000000.0,105000000,-27000000.0,78000000,,78000000,78000000,TNL,2010-12-31
116466,USD,2011,Q1,2011-04-29,2012-04-25,173000000.0,179000000.0,952000000.0,-466000000.0,486000000.0,-321000000.0,-276000000.0,,-45000000.0,165000000.0,-24000000.0,-30000000.0,141000000,-25000000.0,116000000,-44000000.0,72000000,,72000000,72000000,TNL,2011-03-31
116466,USD,2011,Q2,2011-08-01,2012-07-25,167000000.0,170000000.0,1090000000.0,-529000000.0,561000000.0,-324000000.0,-279000000.0,,-45000000.0,237000000.0,-33000000.0,-34000000.0,204000000,-8000000.0,196000000,-82000000.0,114000000,,114000000,114000000,TNL,2011-06-30
116466,USD,2011,Q3,2011-10-26,2012-10-24,159000000.0,162000000.0,1212000000.0,-546000000.0,666000000.0,-382000000.0,-339000000.0,,-43000000.0,284000000.0,-13000000.0,-15000000.0,271000000,0.0,271000000,-96000000.0,175000000,,175000000,175000000,TNL,2011-09-30
116466,USD,2011,Q4,2012-02-17,2014-02-14,149000000.0,153000000.0,1000000000.0,-484000000.0,516000000.0,-372000000.0,-327000000.0,,-45000000.0,144000000.0,-35000000.0,-37000000.0,109000000,-42000000.0,67000000,-11000000.0,56000000,,56000000,56000000,TNL,2011-12-31
116466,USD,2012,Q1,2012-04-25,2013-04-29,146000000.0,149000000.0,1036000000.0,-493000000.0,543000000.0,-365000000.0,-320000000.0,,-45000000.0,178000000.0,-28000000.0,-31000000.0,150000000,-106000000.0,44000000,-13000000.0,31000000,,30000000,30000000,TNL,2012-03-31
116466,USD,2012,Q2,2012-07-25,2013-07-24,144000000.0,147000000.0,1139000000.0,-516000000.0,623000000.0,-392000000.0,-346000000.0,,-46000000.0,231000000.0,-25000000.0,-30000000.0,206000000,0.0,206000000,-78000000.0,128000000,,128000000,128000000,TNL,2012-06-30
116466,USD,2012,Q3,2012-10-24,2013-10-23,141000000.0,144000000.0,1265000000.0,-563000000.0,702000000.0,-414000000.0,-369000000.0,,-45000000.0,288000000.0,-30000000.0,-30000000.0,258000000,-2000000.0,256000000,-97000000.0,159000000,,159000000,159000000,TNL,2012-09-30
116466,USD,2012,Q4,2013-02-15,2015-02-13,141000000.0,140000000.0,1094000000.0,-521000000.0,573000000.0,-403000000.0,-354000000.0,,-49000000.0,170000000.0,-33000000.0,-33000000.0,137000000,-15000000.0,122000000,-41000000.0,81000000,,81000000,81000000,TNL,2012-12-31
116466,USD,2013,Q1,2013-04-29,2014-04-24,137000000.0,138000000.0,1133000000.0,-559000000.0,574000000.0,-393000000.0,-341000000.0,,-52000000.0,181000000.0,-29000000.0,-30000000.0,152000000,-111000000.0,41000000,-14000000.0,27000000,,27000000,27000000,TNL,2013-03-31
116466,USD,2013,Q2,2013-07-24,2014-07-24,135000000.0,136000000.0,1253000000.0,-600000000.0,653000000.0,-412000000.0,-358000000.0,,-54000000.0,241000000.0,-30000000.0,-32000000.0,211000000,0.0,211000000,-78000000.0,133000000,,133000000,133000000,TNL,2013-06-30
116466,USD,2013,Q3,2013-10-23,2014-10-24,131000000.0,133000000.0,1427000000.0,-651000000.0,776000000.0,-453000000.0,-399000000.0,,-54000000.0,323000000.0,-27000000.0,-29000000.0,296000000,0.0,296000000,-109000000.0,187000000,,187000000,187000000,TNL,2013-09-30
116466,USD,2013,Q4,2014-02-14,2016-02-12,129000000.0,133000000.0,1196000000.0,-584000000.0,612000000.0,-429000000.0,-373000000.0,,-56000000.0,183000000.0,-30000000.0,-31000000.0,153000000,-18000000.0,135000000,-49000000.0,86000000,,87000000,87000000,TNL,2013-12-31
116466,USD,2014,Q1,2014-04-24,2015-04-28,128000000.0,130000000.0,1193000000.0,-590000000.0,603000000.0,-432000000.0,-376000000.0,,-56000000.0,171000000.0,-22000000.0,-25000000.0,149000000,0.0,149000000,-59000000.0,90000000,,90000000,90000000,TNL,2014-03-31
116466,USD,2014,Q2,2014-07-24,2015-07-28,127000000.0,128000000.0,1343000000.0,-631000000.0,712000000.0,-446000000.0,-387000000.0,,-59000000.0,266000000.0,-25000000.0,-26000000.0,241000000,0.0,241000000,-88000000.0,153000000,,153000000,153000000,TNL,2014-06-30
116466,USD,2014,Q3,2014-10-24,2015-10-27,124000000.0,126000000.0,1514000000.0,-680000000.0,834000000.0,-475000000.0,-415000000.0,,-60000000.0,359000000.0,-26000000.0,-26000000.0,333000000,-8000000.0,325000000,-119000000.0,206000000,,206000000,206000000,TNL,2014-09-30
116466,USD,2014,Q4,2015-02-13,2017-02-17,121000000.0,124000000.0,1231000000.0,-603000000.0,628000000.0,-437000000.0,-379000000.0,,-58000000.0,191000000.0,-23000000.0,-26000000.0,168000000,-38000000.0,130000000,-50000000.0,80000000,,80000000,80000000,TNL,2014-12-31
116466,USD,2015,Q1,2015-04-28,2016-04-26,121000000.0,122000000.0,1262000000.0,-615000000.0,647000000.0,-432000000.0,-376000000.0,,-56000000.0,215000000.0,-18000000.0,-23000000.0,197000000,1000000.0,198000000,-76000000.0,122000000,,122000000,122000000,TNL,2015-03-31
116466,USD,2015,Q2,2015-07-28,2016-07-27,119000000.0,120000000.0,1398000000.0,-676000000.0,722000000.0,-451000000.0,-393000000.0,,-58000000.0,271000000.0,-25000000.0,-28000000.0,246000000,0.0,246000000,-87000000.0,159000000,,159000000,159000000,TNL,2015-06-30
116466,USD,2015,Q3,2015-10-27,2016-10-26,117000000.0,118000000.0,1564000000.0,-752000000.0,812000000.0,-477000000.0,-418000000.0,,-59000000.0,335000000.0,-28000000.0,-31000000.0,307000000,-15000000.0,292000000,-102000000.0,190000000,,190000000,190000000,TNL,2015-09-30
116466,USD,2015,Q4,2016-02-12,2017-02-17,115000000.0,116000000.0,1312000000.0,-657000000.0,655000000.0,-448000000.0,-387000000.0,,-61000000.0,207000000.0,-28000000.0,-34000000.0,179000000,1000000.0,180000000,-39000000.0,141000000,,141000000,141000000,TNL,2015-12-31
116466,USD,2016,Q1,2016-04-26,2017-04-26,113000000.0,114000000.0,1303000000.0,-668000000.0,635000000.0,-440000000.0,-378000000.0,,-62000000.0,195000000.0,-21000000.0,-31000000.0,174000000,-11000000.0,163000000,-67000000.0,96000000,,96000000,96000000,TNL,2016-03-31
116466,USD,2016,Q2,2016-07-27,2016-07-27,111000000.0,112000000.0,1403000000.0,-673000000.0,730000000.0,-459000000.0,-396000000.0,,-63000000.0,271000000.0,-26000000.0,-32000000.0,245000000,0.0,245000000,-89000000.0,156000000,,156000000,156000000,TNL,2016-06-30
116466,USD,2016,Q3,2016-10-26,2016-10-26,109000000.0,110000000.0,1573000000.0,-745000000.0,828000000.0,-478000000.0,-415000000.0,,-63000000.0,350000000.0,-29000000.0,-32000000.0,321000000,-14000000.0,307000000,-110000000.0,197000000,,198000000,198000000,TNL,2016-09-30
116466,USD,2016,Q4,2017-02-17,2017-02-17,107000000.0,108000000.0,1320000000.0,-646000000.0,674000000.0,-418000000.0,-354000000.0,,-64000000.0,256000000.0,-30000000.0,-33000000.0,226000000,-1000000.0,225000000,-62000000.0,163000000,,163000000,163000000,TNL,2016-12-31
116466,USD,2017,Q1,2017-04-26,2017-04-26,105000000.0,106000000.0,1319000000.0,-655000000.0,664000000.0,-451000000.0,-388000000.0,,-63000000.0,213000000.0,-29000000.0,-31000000.0,184000000,-12000000.0,172000000,-31000000.0,141000000,,141000000,141000000,TNL,2017-03-31
116466,USD,2017,Q2,2017-08-03,2017-08-03,103800000.0,104400000.0,1479000000.0,-711000000.0,768000000.0,-488000000.0,-422000000.0,,-66000000.0,280000000.0,-34000000.0,-37000000.0,246000000,-135000000.0,111000000,-33000000.0,78000000,,78000000,78000000,TNL,2017-06-30
116466,USD,2017,Q3,2017-10-25,2017-10-25,102400000.0,102900000.0,1629000000.0,-771000000.0,858000000.0,-492000000.0,-423000000.0,,-69000000.0,366000000.0,-21000000.0,-40000000.0,345000000,-32000000.0,313000000,-110000000.0,203000000,,203000000,203000000,TNL,2017-09-30
116466,USD,2017,Q4,2018-02-20,2018-02-20,100800000.0,101500000.0,649000000.0,-281000000.0,368000000.0,-203000000.0,-188000000.0,,-15000000.0,165000000.0,-38000000.0,-41000000.0,127000000,-133000000.0,-6000000,403000000.0,397000000,53000000.0,451000000,451000000,TNL,2017-12-31
116466,USD,2018,Q1,2018-05-02,2018-05-02,100100000.0,100800000.0,1190000000.0,-563000000.0,627000000.0,-417000000.0,-361000000.0,,-56000000.0,210000000.0,-38000000.0,-44000000.0,172000000,-51000000.0,121000000,-40000000.0,81000000,-47000000.0,34000000,34000000,TNL,2018-03-31
116466,USD,2018,Q2,2018-08-09,2018-08-09,100000000.0,100300000.0,1007000000.0,-485000000.0,522000000.0,-324000000.0,-288000000.0,,-36000000.0,198000000.0,-39000000.0,-44000000.0,159000000,-133000000.0,26000000,-38000000.0,-12000000,390000000.0,378000000,378000000,TNL,2018-06-30
116466,USD,2018,Q3,2018-11-01,2018-11-01,99100000.0,99500000.0,1062000000.0,-507000000.0,555000000.0,-327000000.0,-295000000.0,,-32000000.0,228000000.0,-15000000.0,-37000000.0,213000000,-31000000.0,182000000,-51000000.0,131000000,17000000.0,148000000,148000000,TNL,2018-09-30
116466,USD,2018,Q4,2019-02-26,2019-02-26,96400000.0,96200000.0,672000000.0,-358000000.0,314000000.0,-192000000.0,-178000000.0,,-14000000.0,122000000.0,-35000000.0,-40000000.0,87000000,-20000000.0,67000000,-1000000.0,66000000,46000000.0,112000000,112000000,TNL,2018-12-31
116466,USD,2019,Q1,2019-05-01,2019-05-01,94400000.0,94700000.0,918000000.0,-427000000.0,491000000.0,-307000000.0,-276000000.0,,-31000000.0,184000000.0,-28000000.0,-39000000.0,156000000,-44000000.0,112000000,-31000000.0,81000000,-1000000.0,80000000,80000000,TNL,2019-03-31
116466,USD,2019,Q2,2019-07-30,2019-07-30,93000000.0,93300000.0,1039000000.0,-471000000.0,568000000.0,-321000000.0,-293000000.0,,-28000000.0,247000000.0,-36000000.0,-38000000.0,211000000,-49000000.0,162000000,-44000000.0,118000000,6000000.0,124000000,124000000,TNL,2019-06-30
116466,USD,2019,Q3,2019-10-30,2019-10-30,91700000.0,92000000.0,1105000000.0,-536000000.0,569000000.0,-348000000.0,-317000000.0,,-31000000.0,221000000.0,-33000000.0,-39000000.0,188000000,-7000000.0,181000000,-46000000.0,135000000,0.0,135000000,135000000,TNL,2019-09-30
116466,USD,2019,Q4,2020-02-26,2020-02-26,89300000.0,89600000.0,981000000.0,-506000000.0,475000000.0,-302000000.0,-271000000.0,,-31000000.0,173000000.0,-35000000.0,-39000000.0,138000000,87000000.0,225000000,-70000000.0,155000000,13000000.0,168000000,168000000,TNL,2019-12-31
116466,USD,2020,Q1,2020-05-06,2021-04-28,86900000.0,86900000.0,558000000.0,-392000000.0,166000000.0,-272000000.0,-241000000.0,,-31000000.0,-106000000.0,-37000000.0,-39000000.0,-143000000,-35000000.0,-178000000,44000000.0,-134000000,,-134000000,-134000000,TNL,2020-03-31
