SimFinId,Currency,Fiscal Year,Fiscal Period,Publish Date,Restated Date,Shares (Basic),Shares (Diluted),Revenue,Cost of Revenue,Gross Profit,Operating Expenses,"Selling, General & Administrative",Research & Development,Depreciation & Amortization,Operating Income (Loss),Non-Operating Income (Loss),"Interest Expense, Net","Pretax Income (Loss), Adj.",Abnormal Gains (Losses),Pretax Income (Loss),"Income Tax (Expense) Benefit, Net",Income (Loss) from Continuing Operations,Net Extraordinary Gains (Losses),Net Income,Net Income (Common),Ticker,Report_Date
847094,USD,2013,Q1,2013-05-09,2014-04-29,2343213.0,2343213.0,1515000.0,,1515000.0,-3090000.0,-2698000.0,,0.0,-1575000.0,-42000.0,-42000.0,-1617000,-207000.0,-1824000,0.0,-1824000,,-840000,-840000,AAMC,2013-03-31
847094,USD,2013,Q2,2013-07-23,2014-07-22,2343462.0,2343462.0,8884000.0,,8884000.0,-4611000.0,-3369000.0,,0.0,4273000.0,-461000.0,-654000.0,3812000,-84000.0,3728000,0.0,3728000,,-1499000,-1499000,AAMC,2013-06-30
847094,USD,2013,Q3,2013-10-22,2014-11-05,2348040.0,2348040.0,19741000.0,,19741000.0,-7053000.0,-4895000.0,,-4000.0,12688000.0,-454000.0,-467000.0,12234000,-1082000.0,11152000,0.0,11152000,,-2557000,-2557000,AAMC,2013-09-30
847094,USD,2013,Q4,2014-02-20,2016-02-29,2353257.0,2353257.0,42157000.0,,42157000.0,-12546000.0,-5895000.0,,-21000.0,29611000.0,-3611000.0,-3405000.0,26000000,-4753000.0,21247000,0.0,21247000,,-397000,-397000,AAMC,2013-12-31
847094,USD,2014,Q1,2014-04-29,2015-05-07,2367202.0,2856079.0,74628000.0,,74628000.0,-17086000.0,-5601000.0,,-48000.0,57542000.0,-5708000.0,-5708000.0,51834000,-2327000.0,49507000,-766000.0,48741000,,6828000,6828000,AAMC,2014-03-31
847094,USD,2014,Q2,2014-07-22,2015-08-10,2255278.0,2874906.0,117357000.0,,117357000.0,-21570000.0,-4542000.0,,-103000.0,95787000.0,-6159000.0,-6945000.0,89628000,-8807000.0,80821000,191000.0,81012000,,13230000,13230000,AAMC,2014-06-30
847094,USD,2014,Q3,2014-11-05,2015-11-09,2238225.0,2831617.0,109102000.0,,109102000.0,-26974000.0,-5435000.0,,-313000.0,82128000.0,-10113000.0,-11699000.0,72015000,-15788000.0,56227000,-853000.0,55374000,,17698000,17698000,AAMC,2014-09-30
847094,USD,2014,Q4,2015-03-02,2017-03-01,2187167.0,2766150.0,122211000.0,,122211000.0,-28994000.0,2580000.0,,-603000.0,93217000.0,-8260000.0,-11295000.0,84957000,-20884000.0,64073000,-668000.0,63405000,,21923000,21923000,AAMC,2014-12-31
847094,USD,2015,Q1,2015-05-07,2016-05-09,2203699.0,2757206.0,88915000.0,,88915000.0,-30827000.0,-1451000.0,,-998000.0,58088000.0,-11483000.0,-11483000.0,46605000,-27150000.0,19455000,-143000.0,19312000,,6888000,6888000,AAMC,2015-03-31
847094,USD,2015,Q2,2015-08-10,2016-08-16,2218533.0,2746955.0,76519000.0,,76519000.0,-23557000.0,-2017000.0,,-1344000.0,52962000.0,-13237000.0,-13237000.0,39725000,-25696000.0,14029000,-194000.0,13835000,,743000,743000,AAMC,2015-06-30
847094,USD,2015,Q3,2015-11-09,2016-11-07,2208658.0,2208658.0,58523000.0,,58523000.0,-24462000.0,-2187000.0,,-2050000.0,34061000.0,-14194000.0,-14194000.0,19867000,-27279000.0,-7412000,97000.0,-7315000,,-1980000,-1980000,AAMC,2015-09-30
847094,USD,2015,Q4,2016-02-29,2018-03-01,2180370.0,1098441.0,24142000.0,,24142000.0,-26160000.0,-1928000.0,,-3080000.0,-2018000.0,-14217000.0,-14217000.0,-16235000,-58371000.0,-74606000,-114000.0,-74720000,,-8941000,-9147000,AAMC,2015-12-31
847094,USD,2016,Q1,2016-05-09,2017-05-09,1990153.0,1990153.0,4526000.0,,4526000.0,-5771000.0,-1021000.0,,,-1245000.0,294000.0,,-951000,,-951000,11000.0,-940000,,-940000,-940000,AAMC,2016-03-31
847094,USD,2016,Q2,2016-08-16,2017-08-08,1776831.0,1776831.0,5407000.0,,5407000.0,-6097000.0,-1170000.0,,,-690000.0,302000.0,,-388000,,-388000,-873000.0,-1261000,,-1261000,-1313000,AAMC,2016-06-30
847094,USD,2016,Q3,2016-11-07,2017-11-07,1676651.0,1676651.0,4854000.0,,4854000.0,-6032000.0,-1152000.0,,,-1178000.0,248000.0,,-930000,,-930000,-141000.0,-1071000,,-1071000,-1122000,AAMC,2016-09-30
847094,USD,2016,Q4,2017-03-01,2018-03-01,1565573.0,1565573.0,5204000.0,,5204000.0,-6414000.0,-1429000.0,,0.0,-1210000.0,250000.0,0.0,-960000,0.0,-960000,-703000.0,-1663000,,-1663000,-1767000,AAMC,2016-12-31
847094,USD,2017,Q1,2017-05-09,2018-05-08,1545555.0,1545555.0,5011000.0,,5011000.0,-6528000.0,-1157000.0,,,-1517000.0,256000.0,,-1261000,,-1261000,-57000.0,-1318000,,-1318000,-1370000,AAMC,2017-03-31
847094,USD,2017,Q2,2017-08-08,2018-08-09,1563272.0,1563272.0,4643000.0,,4643000.0,-6343000.0,-726000.0,,,-1700000.0,258000.0,,-1442000,,-1442000,-300000.0,-1742000,,-1742000,-1793000,AAMC,2017-06-30
847094,USD,2017,Q3,2017-11-07,2018-11-07,1574822.0,1574822.0,4429000.0,,4429000.0,-6712000.0,-778000.0,,,-2283000.0,285000.0,,-1998000,,-1998000,-127000.0,-2125000,,-2125000,-2177000,AAMC,2017-09-30
847094,USD,2017,Q4,2018-03-01,2018-03-01,1598063.0,1598063.0,4077000.0,,4077000.0,-5924000.0,-659000.0,,0.0,-1847000.0,287000.0,0.0,-1560000,0.0,-1560000,-224000.0,-1784000,,-1784000,-1835000,AAMC,2017-12-31
847094,USD,2018,Q1,2018-05-08,2018-05-08,1603898.0,1603898.0,4052000.0,,4052000.0,-5513000.0,-947000.0,,,-1461000.0,-2653000.0,,-4114000,,-4114000,-250000.0,-4364000,,-4364000,-4415000,AAMC,2018-03-31
847094,USD,2018,Q2,2018-08-09,2018-08-09,1612382.0,1612382.0,3916000.0,,3916000.0,-5834000.0,-843000.0,,,-1918000.0,893000.0,,-1025000,,-1025000,-42000.0,-1067000,,-1067000,-1119000,AAMC,2018-06-30
847094,USD,2018,Q3,2018-11-07,2018-11-07,1613413.0,1613413.0,3934000.0,,3934000.0,-6072000.0,-993000.0,,,-2138000.0,1000000.0,,-1138000,,-1138000,-17000.0,-1155000,,-1155000,-1207000,AAMC,2018-09-30
847094,USD,2018,Q4,2019-04-30,2019-04-30,1616003.0,1616003.0,4024000.0,,4024000.0,-5115000.0,-826000.0,,,-1091000.0,-3133000.0,,-4224000,,-4224000,-66000.0,-4290000,,-4290000,-4341000,AAMC,2018-12-31
847094,USD,2019,Q1,2019-05-08,2019-05-08,1582016.0,1582016.0,3903000.0,,3903000.0,-5799000.0,-1039000.0,,,-1896000.0,1125000.0,,-771000,,-771000,-69000.0,-840000,,-840000,-891000,AAMC,2019-03-31
847094,USD,2019,Q2,2019-08-07,2019-08-07,1589492.0,1820244.0,3898000.0,,3898000.0,-6474000.0,-880000.0,,,-2576000.0,5084000.0,,2508000,,2508000,781000.0,3289000,,3289000,3237000,AAMC,2019-06-30
847094,USD,2019,Q3,2019-11-06,2019-11-06,1590739.0,1590739.0,3834000.0,,3834000.0,-5707000.0,-1099000.0,,,-1873000.0,-765000.0,,-2638000,,-2638000,-885000.0,-3523000,,-3523000,-3575000,AAMC,2019-09-30
847094,USD,2019,Q4,2020-04-29,2020-04-29,1597561.0,1366809.0,-11635000.0,,-11635000.0,835000.0,684000.0,,,-10800000.0,1309000.0,,-9491000,,-9491000,8000.0,-9483000,7944000.0,-1539000,-1590000,AAMC,2019-12-31
847094,USD,2020,Q1,2020-05-11,2021-05-17,1615710.0,1615710.0,,,,-5160000.0,-586000.0,,,-5160000.0,-372000.0,,-5532000,,-5532000,-122000.0,-5654000,1897000.0,-3757000,-3799000,AAMC,2020-03-31
