SimFinId,Currency,Fiscal Year,Fiscal Period,Publish Date,Restated Date,Shares (Basic),Shares (Diluted),Revenue,Cost of Revenue,Gross Profit,Operating Expenses,"Selling, General & Administrative",Research & Development,Depreciation & Amortization,Operating Income (Loss),Non-Operating Income (Loss),"Interest Expense, Net","Pretax Income (Loss), Adj.",Abnormal Gains (Losses),Pretax Income (Loss),"Income Tax (Expense) Benefit, Net",Income (Loss) from Continuing Operations,Net Extraordinary Gains (Losses),Net Income,Net Income (Common),Ticker,Report_Date
367930,USD,2010,Q2,2010-08-06,2011-08-08,154495000.0,161643000.0,331133000.0,-147810000.0,183323000.0,-93508000.0,-65199000.0,-28309000.0,,89815000.0,1026000.0,-708000.0,90841000,,90841000,-31387000.0,59454000,,59454000,59454000,FLIR,2010-06-30
367930,USD,2010,Q3,2010-11-09,2011-11-08,158215000.0,160925000.0,332497000.0,-150389000.0,182108000.0,-96321000.0,-67801000.0,-28520000.0,,85787000.0,736000.0,105000.0,86523000,,86523000,-23568000.0,62955000,,62955000,62955000,FLIR,2010-09-30
367930,USD,2010,Q4,2011-03-01,2013-03-01,158955000.0,162348000.0,437509000.0,-204653000.0,232856000.0,-132490000.0,-97487000.0,-35003000.0,,100366000.0,1544000.0,-53000.0,101910000,,101910000,-31840000.0,70070000,-248000.0,69822000,69822000,FLIR,2010-12-31
367930,USD,2011,Q1,2011-05-10,2012-05-10,159400000.0,162310000.0,375969000.0,-179457000.0,196512000.0,-120196000.0,-82607000.0,-37589000.0,,76316000.0,-938000.0,-86000.0,75378000,,75378000,-23772000.0,51606000,-291000.0,51315000,51315000,FLIR,2011-03-31
367930,USD,2011,Q2,2011-08-08,2012-08-06,159796000.0,162550000.0,391555000.0,-186144000.0,205411000.0,-163608000.0,-124127000.0,-39481000.0,,41803000.0,1775000.0,-349000.0,43578000,,43578000,-13755000.0,29823000,-514000.0,29309000,29309000,FLIR,2011-06-30
367930,USD,2011,Q3,2011-11-08,2012-11-05,158665000.0,160798000.0,371327000.0,-169430000.0,201897000.0,-116488000.0,-81300000.0,-35188000.0,,85409000.0,-1437000.0,-1371000.0,83972000,,83972000,-19582000.0,64390000,329000.0,64719000,64719000,FLIR,2011-09-30
367930,USD,2011,Q4,2012-02-29,2014-03-03,155431000.0,157746000.0,405211000.0,-179712000.0,225499000.0,-115832000.0,-80913000.0,-34919000.0,,109667000.0,-1516000.0,-2408000.0,108151000,0.0,108151000,-31318000.0,76833000,-702000.0,76131000,76131000,FLIR,2011-12-31
367930,USD,2012,Q1,2012-05-10,2013-05-08,154485000.0,156972000.0,348452000.0,-165725000.0,182727000.0,-114431000.0,-77860000.0,-36571000.0,,68296000.0,-1413000.0,-2638000.0,66883000,,66883000,-18058000.0,48825000,-686000.0,48139000,48139000,FLIR,2012-03-31
367930,USD,2012,Q2,2012-08-06,2013-08-08,153172000.0,155033000.0,338291000.0,-168262000.0,170029000.0,-109308000.0,-71798000.0,-37510000.0,,60721000.0,-2631000.0,-2391000.0,58090000,,58090000,-15685000.0,42405000,-1312000.0,41093000,41093000,FLIR,2012-06-30
367930,USD,2012,Q3,2012-11-05,2013-11-08,150878000.0,152327000.0,332230000.0,-158877000.0,173353000.0,-99116000.0,-69523000.0,-29593000.0,,74237000.0,-5003000.0,-2828000.0,69234000,,69234000,-13285000.0,55949000,-44000.0,55905000,55905000,FLIR,2012-09-30
367930,USD,2012,Q4,2013-03-01,2015-02-27,148001000.0,150044000.0,386385000.0,-177310000.0,209075000.0,-106999000.0,-73319000.0,-33680000.0,,102076000.0,-2371000.0,-2220000.0,99705000,-2000000.0,97705000,-19528000.0,78177000,-916000.0,77261000,77261000,FLIR,2012-12-31
367930,USD,2013,Q1,2013-05-30,2014-05-12,144629000.0,146291000.0,348583000.0,-164596000.0,183987000.0,-114857000.0,-78173000.0,-36684000.0,,69130000.0,-1942000.0,-2706000.0,67188000,0.0,67188000,-15552000.0,51636000,,51636000,51636000,FLIR,2013-03-31
367930,USD,2013,Q2,2013-08-08,2014-08-08,142085000.0,143774000.0,389329000.0,-199288000.0,190041000.0,-119769000.0,-80168000.0,-39601000.0,,70272000.0,-3668000.0,-3493000.0,66604000,0.0,66604000,-16446000.0,50158000,,50158000,50158000,FLIR,2013-06-30
367930,USD,2013,Q3,2013-11-08,2014-11-07,141863000.0,144231000.0,358141000.0,-185251000.0,172890000.0,-109351000.0,-76365000.0,-32986000.0,,63539000.0,-3493000.0,-3440000.0,60046000,0.0,60046000,-13560000.0,46486000,,46486000,46486000,FLIR,2013-09-30
367930,USD,2013,Q4,2014-03-03,2016-02-26,141207000.0,144084000.0,400319000.0,-210227000.0,190092000.0,-126458000.0,-88033000.0,-38425000.0,,63634000.0,-2654000.0,-3394000.0,60980000,-25832000.0,35148000,-6413000.0,28735000,,28735000,28735000,FLIR,2013-12-31
367930,USD,2014,Q1,2014-05-12,2015-05-06,140932000.0,143828000.0,351542000.0,-183010000.0,168532000.0,-118268000.0,-81942000.0,-36326000.0,,50264000.0,-3246000.0,-3444000.0,47018000,-7813000.0,39205000,-9311000.0,29894000,,29894000,29894000,FLIR,2014-03-31
367930,USD,2014,Q2,2014-08-08,2015-08-06,141574000.0,144120000.0,369380000.0,-186662000.0,182718000.0,-119807000.0,-83500000.0,-36307000.0,,62911000.0,-2287000.0,-3357000.0,60624000,-3547000.0,57077000,-12319000.0,44758000,,44758000,44758000,FLIR,2014-06-30
367930,USD,2014,Q3,2014-11-07,2015-11-09,141433000.0,143413000.0,375366000.0,-190980000.0,184386000.0,-110317000.0,-76295000.0,-34022000.0,,74069000.0,454000.0,-3265000.0,74523000,-4060000.0,70463000,-17606000.0,52857000,,52857000,52857000,FLIR,2014-09-30
367930,USD,2014,Q4,2015-02-27,2017-02-24,140633000.0,142915000.0,434366000.0,-219629000.0,214737000.0,-126354000.0,-90258000.0,-36096000.0,,88383000.0,-4636000.0,-3122000.0,83747000,-963000.0,82784000,-10032000.0,72752000,,72752000,72752000,FLIR,2014-12-31
367930,USD,2015,Q1,2015-05-06,2016-05-06,139768000.0,141472000.0,344517000.0,-168620000.0,175897000.0,-110143000.0,-75369000.0,-34774000.0,,65754000.0,-2714000.0,-3414000.0,63040000,,63040000,-15130000.0,47910000,,47910000,47910000,FLIR,2015-03-31
367930,USD,2015,Q2,2015-08-06,2016-08-03,140063000.0,141491000.0,392975000.0,-203360000.0,189615000.0,-119084000.0,-83958000.0,-35126000.0,,70531000.0,-4083000.0,-3063000.0,66448000,,66448000,-15948000.0,50500000,,50500000,50500000,FLIR,2015-06-30
367930,USD,2015,Q3,2015-11-09,2016-11-04,139596000.0,140525000.0,381928000.0,-201189000.0,180739000.0,-104757000.0,-73557000.0,-31200000.0,,75982000.0,-4806000.0,-3351000.0,71176000,,71176000,1896000.0,73072000,,73072000,73072000,FLIR,2015-09-30
367930,USD,2015,Q4,2016-02-26,2018-02-23,137985000.0,139608000.0,437647000.0,-230337000.0,207310000.0,-112452000.0,-80660000.0,-31792000.0,,94858000.0,11285000.0,-3091000.0,106143000,-1361000.0,104782000,-34578000.0,70204000,,70204000,70204000,FLIR,2015-12-31
367930,USD,2016,Q1,2016-05-06,2017-05-03,137496000.0,138779000.0,379472000.0,-201782000.0,177690000.0,-120313000.0,-83033000.0,-37280000.0,,57377000.0,-1757000.0,-3187000.0,55620000,,55620000,-54495000.0,1125000,,1125000,1125000,FLIR,2016-03-31
367930,USD,2016,Q2,2016-08-03,2017-07-28,137861000.0,138993000.0,402729000.0,-219407000.0,183322000.0,-118110000.0,-79902000.0,-38208000.0,,65212000.0,-5359000.0,-4032000.0,59853000,,59853000,-14485000.0,45368000,,45368000,45368000,FLIR,2016-06-30
367930,USD,2016,Q3,2016-11-04,2017-10-27,136963000.0,137938000.0,405228000.0,-213852000.0,191376000.0,-110527000.0,-76688000.0,-33839000.0,,80849000.0,-5641000.0,-5400000.0,75208000,,75208000,-16575000.0,58633000,,58633000,58633000,FLIR,2016-09-30
367930,USD,2016,Q4,2017-02-24,2019-02-28,136232000.0,138278000.0,474738000.0,-260005000.0,214733000.0,-121022000.0,-82812000.0,-38210000.0,,93711000.0,-7004000.0,-4050000.0,86707000,-1431000.0,85276000,-23776000.0,61500000,,61500000,61500000,FLIR,2016-12-31
367930,USD,2017,Q1,2017-05-03,2018-05-04,136359000.0,138239000.0,406814000.0,-215493000.0,191321000.0,-132235000.0,-90252000.0,-41983000.0,,59086000.0,-3522000.0,-4182000.0,55564000,0.0,55564000,-12993000.0,42571000,,42571000,42571000,FLIR,2017-03-31
367930,USD,2017,Q2,2017-07-28,2018-07-27,136865000.0,138449000.0,434124000.0,-227392000.0,206732000.0,-140102000.0,-97056000.0,-43046000.0,,66630000.0,-3090000.0,-4117000.0,63540000,0.0,63540000,-12127000.0,51413000,,51413000,51413000,FLIR,2017-06-30
367930,USD,2017,Q3,2017-10-27,2018-10-30,137849000.0,139419000.0,464712000.0,-241821000.0,222891000.0,-135805000.0,-92932000.0,-42873000.0,,87086000.0,-2553000.0,-3331000.0,84533000,0.0,84533000,-21004000.0,63529000,,63529000,63529000,FLIR,2017-09-30
367930,USD,2017,Q4,2018-02-23,2019-02-28,138751000.0,142477000.0,494784000.0,-256952000.0,237832000.0,-136460000.0,-93627000.0,-42833000.0,,101372000.0,-1731000.0,-3410000.0,99641000,-24213000.0,75428000,-125718000.0,-50290000,,-50290000,-50290000,FLIR,2017-12-31
367930,USD,2018,Q1,2018-05-04,2019-05-02,138504000.0,140994000.0,439618000.0,-221704000.0,217914000.0,-152244000.0,-107683000.0,-44561000.0,,65670000.0,-877000.0,-3096000.0,64793000,-10178000.0,54615000,-15420000.0,39195000,,39195000,39195000,FLIR,2018-03-31
367930,USD,2018,Q2,2018-07-27,2018-07-27,137749000.0,140149000.0,452707000.0,-220156000.0,232551000.0,-143885000.0,-97456000.0,-46429000.0,,88666000.0,-5713000.0,-3336000.0,82953000,0.0,82953000,-11390000.0,71563000,,71563000,71563000,FLIR,2018-06-30
367930,USD,2018,Q3,2018-10-30,2018-10-30,138190000.0,140327000.0,434898000.0,-212824000.0,222074000.0,-133522000.0,-91525000.0,-41997000.0,,88552000.0,-3134000.0,-3063000.0,85418000,0.0,85418000,-12267000.0,73151000,,73151000,73151000,FLIR,2018-09-30
367930,USD,2018,Q4,2019-02-28,2021-02-25,136817000.0,139366000.0,448463000.0,-219779000.0,228684000.0,-134404000.0,-92429000.0,-41975000.0,,94280000.0,-1779000.0,-2751000.0,92501000,-8384000.0,84117000,14399000.0,98516000,,98516000,98516000,FLIR,2018-12-31
367930,USD,2019,Q1,2019-05-02,2019-05-02,135541000.0,137165000.0,444736000.0,-211077000.0,233659000.0,-152577000.0,-104579000.0,-47998000.0,,81082000.0,-6325000.0,-4459000.0,74757000,0.0,74757000,-13009000.0,61748000,,61748000,61748000,FLIR,2019-03-31
367930,USD,2019,Q2,2019-07-31,2019-07-31,135519000.0,137084000.0,481998000.0,-248378000.0,233620000.0,-169883000.0,-116862000.0,-53021000.0,,63737000.0,-5614000.0,-6834000.0,58123000,,58123000,-12005000.0,46118000,,46118000,46118000,FLIR,2019-06-30
367930,USD,2019,Q3,2019-10-31,2020-10-30,134741000.0,136050000.0,471248000.0,-241501000.0,229747000.0,-153193000.0,-103393000.0,-49800000.0,,76554000.0,-7262000.0,-6970000.0,69292000,-2166000.0,67126000,-5079000.0,62047000,,62047000,62047000,FLIR,2019-09-30
367930,USD,2019,Q4,2020-02-27,2020-02-27,134263000.0,136249000.0,489044000.0,-256684000.0,232360000.0,-170374000.0,-117582000.0,-52792000.0,,61986000.0,-12143000.0,-6797000.0,49843000,-7933000.0,41910000,-40226000.0,1684000,,1684000,1684000,FLIR,2019-12-31
367930,USD,2020,Q1,2020-05-06,2021-05-06,133596.0,134927.0,450923000.0,-231555000.0,219368000.0,-170089000.0,-116242000.0,-53847000.0,,49279000.0,-5297000.0,-6612000.0,43982000,-20784000.0,23198000,-7774000.0,15424000,,15424000,15424000,FLIR,2020-03-31
