SimFinId,Currency,Fiscal Year,Fiscal Period,Publish Date,Restated Date,Shares (Basic),Shares (Diluted),Revenue,Cost of Revenue,Gross Profit,Operating Expenses,"Selling, General & Administrative",Research & Development,Depreciation & Amortization,Operating Income (Loss),Non-Operating Income (Loss),"Interest Expense, Net","Pretax Income (Loss), Adj.",Abnormal Gains (Losses),Pretax Income (Loss),"Income Tax (Expense) Benefit, Net",Income (Loss) from Continuing Operations,Net Extraordinary Gains (Losses),Net Income,Net Income (Common),Ticker,Report_Date
504719,USD,2014,Q3,2014-11-06,2015-11-04,5874000.0,5874000.0,30448000.0,-9205000.0,21243000.0,-32200000.0,-27342000.0,-4858000.0,,-10957000.0,164000.0,-138000.0,-10793000,,-10793000,0.0,-10793000,,-10793000,-10806000,HUBS,2014-09-30
504719,USD,2014,Q4,2015-02-06,2017-02-16,29111000.0,29111000.0,34156000.0,-9929000.0,24227000.0,-44188000.0,-33049000.0,-11139000.0,,-19961000.0,177000.0,-20000.0,-19784000,,-19784000,92000.0,-19692000,,-19692000,-19985000,HUBS,2014-12-31
504719,USD,2015,Q1,2015-05-07,2016-05-04,31636000.0,31636000.0,38166000.0,-10465000.0,27701000.0,-39113000.0,-31612000.0,-7501000.0,,-11412000.0,606000.0,-22000.0,-10806000,,-10806000,-52000.0,-10858000,,-10858000,-10858000,HUBS,2015-03-31
504719,USD,2015,Q2,2015-08-06,2016-08-03,33208000.0,33208000.0,42941000.0,-11273000.0,31668000.0,-42990000.0,-34832000.0,-8158000.0,,-11322000.0,-33000.0,22000.0,-11355000,,-11355000,-37000.0,-11392000,,-11392000,-11392000,HUBS,2015-06-30
504719,USD,2015,Q3,2015-11-04,2016-11-02,33819000.0,33819000.0,47711000.0,-12478000.0,35233000.0,-48523000.0,-40395000.0,-8128000.0,,-13290000.0,-86000.0,100000.0,-13376000,,-13376000,-176000.0,-13552000,,-13552000,-13552000,HUBS,2015-09-30
504719,USD,2015,Q4,2016-02-24,2017-02-16,34225000.0,34225000.0,53125000.0,-13707000.0,39418000.0,-49868000.0,-41198000.0,-8670000.0,,-10450000.0,346000.0,105000.0,-10104000,,-10104000,-147000.0,-10251000,,-10251000,-10251000,HUBS,2015-12-31
504719,USD,2016,Q1,2016-05-04,2017-05-02,34692000.0,34692000.0,58960000.0,-13971000.0,44989000.0,-54850000.0,-45046000.0,-9804000.0,,-9861000.0,-241000.0,92000.0,-10102000,,-10102000,-52000.0,-10154000,,-10154000,-10154000,HUBS,2016-03-31
504719,USD,2016,Q2,2016-08-03,2017-08-02,35023000.0,35023000.0,64974000.0,-15195000.0,49779000.0,-60809000.0,-49531000.0,-11278000.0,,-11030000.0,-94000.0,108000.0,-11124000,,-11124000,60000.0,-11064000,,-11064000,-11064000,HUBS,2016-06-30
504719,USD,2016,Q3,2016-11-02,2016-11-02,35393000.0,35393000.0,70589000.0,-15812000.0,54777000.0,-64728000.0,-52628000.0,-12100000.0,,-9951000.0,-238000.0,127000.0,-10189000,,-10189000,-326000.0,-10515000,,-10515000,-10515000,HUBS,2016-09-30
504719,USD,2016,Q4,2017-02-16,2017-02-16,35680000.0,35680000.0,76444000.0,-16887000.0,59557000.0,-73377000.0,-60562000.0,-12815000.0,,-13820000.0,206000.0,262000.0,-13614000,,-13614000,-215000.0,-13829000,,-13829000,-13829000,HUBS,2016-12-31
504719,USD,2017,Q1,2017-05-02,2017-05-02,36205000.0,36205000.0,82252000.0,-17072000.0,65180000.0,-73180000.0,-59810000.0,-13370000.0,,-8000000.0,123000.0,251000.0,-7877000,,-7877000,-198000.0,-8075000,,-8075000,-8075000,HUBS,2017-03-31
504719,USD,2017,Q2,2017-08-02,2017-08-02,36654000.0,36654000.0,89093000.0,-18591000.0,70502000.0,-81079000.0,-65190000.0,-15889000.0,,-10577000.0,-2195000.0,-2098000.0,-12772000,,-12772000,3251000.0,-9521000,,-9521000,-9521000,HUBS,2017-06-30
504719,USD,2017,Q3,2017-11-01,2017-11-01,37047000.0,37047000.0,97726000.0,-19010000.0,78716000.0,-90842000.0,-72014000.0,-18828000.0,,-12126000.0,-3815000.0,-3789000.0,-15941000,,-15941000,5358000.0,-10583000,,-10583000,-10583000,HUBS,2017-09-30
504719,USD,2017,Q4,2018-02-13,2018-02-13,37402000.0,37402000.0,106541000.0,-21056000.0,85485000.0,-94918000.0,-72632000.0,-22286000.0,,-9433000.0,-4016000.0,-3708000.0,-13449000,,-13449000,1914000.0,-11535000,,-11535000,-11535000,HUBS,2017-12-31
504719,USD,2018,Q1,2018-05-10,2018-05-10,37832000.0,37832000.0,114556000.0,-22377000.0,92179000.0,-103503000.0,-77151000.0,-26352000.0,,-11324000.0,-3633000.0,-3350000.0,-14957000,,-14957000,-491000.0,-15448000,,-15448000,-15448000,HUBS,2018-03-31
504719,USD,2018,Q2,2018-08-01,2018-08-01,38350000.0,38350000.0,122576000.0,-24851000.0,97725000.0,-111777000.0,-83292000.0,-28485000.0,,-14052000.0,-3761000.0,-3234000.0,-17813000,,-17813000,-412000.0,-18225000,,-18225000,-18225000,HUBS,2018-06-30
504719,USD,2018,Q3,2018-11-07,2018-11-07,38762000.0,38762000.0,131826000.0,-25765000.0,106061000.0,-121111000.0,-90350000.0,-30761000.0,,-15050000.0,-3254000.0,-2977000.0,-18304000,,-18304000,-359000.0,-18663000,,-18663000,-18663000,HUBS,2018-09-30
504719,USD,2018,Q4,2019-02-12,2019-02-12,39172000.0,39172000.0,144022000.0,-27364000.0,116658000.0,-124490000.0,-92485000.0,-32005000.0,,-7832000.0,-3054000.0,-2649000.0,-10886000,,-10886000,-606000.0,-11492000,,-11492000,-11492000,HUBS,2018-12-31
504719,USD,2019,Q1,2019-05-07,2019-05-07,40568000.0,40568000.0,151798000.0,-29578000.0,122220000.0,-131256000.0,-96079000.0,-35177000.0,,-9036000.0,-1351000.0,-1339000.0,-10387000,,-10387000,-713000.0,-11100000,,-11100000,-11100000,HUBS,2019-03-31
504719,USD,2019,Q2,2019-08-06,2019-08-06,42127000.0,42127000.0,163255000.0,-31142000.0,132113000.0,-147838000.0,-107382000.0,-40456000.0,,-15725000.0,-921000.0,-249000.0,-16646000,,-16646000,-711000.0,-17357000,,-17357000,-17357000,HUBS,2019-06-30
504719,USD,2019,Q3,2019-11-05,2019-11-05,42531000.0,42531000.0,173621000.0,-33263000.0,140358000.0,-154430000.0,-114583000.0,-39847000.0,,-14072000.0,-664000.0,-575000.0,-14736000,,-14736000,-251000.0,-14987000,,-14987000,-14987000,HUBS,2019-09-30
504719,USD,2019,Q4,2020-02-12,2020-02-12,42874000.0,42874000.0,186186000.0,-35975000.0,150211000.0,-158369000.0,-115612000.0,-42757000.0,,-8158000.0,-846000.0,-1226000.0,-9004000,,-9004000,-1298000.0,-10302000,,-10302000,-10302000,HUBS,2019-12-31
504719,USD,2020,Q1,2020-05-06,2021-05-05,43275000.0,43275000.0,198968000.0,-38285000.0,160683000.0,-174785000.0,-128583000.0,-46202000.0,,-14102000.0,-2948000.0,-1896000.0,-17050000,,-17050000,-666000.0,-17716000,,-17716000,-17716000,HUBS,2020-03-31
