SimFinId,Currency,Fiscal Year,Fiscal Period,Publish Date,Restated Date,Shares (Basic),Shares (Diluted),Revenue,Cost of Revenue,Gross Profit,Operating Expenses,"Selling, General & Administrative",Research & Development,Depreciation & Amortization,Operating Income (Loss),Non-Operating Income (Loss),"Interest Expense, Net","Pretax Income (Loss), Adj.",Abnormal Gains (Losses),Pretax Income (Loss),"Income Tax (Expense) Benefit, Net",Income (Loss) from Continuing Operations,Net Extraordinary Gains (Losses),Net Income,Net Income (Common),Ticker,Report_Date
995248,USD,2010,Q4,2011-04-19,2012-04-04,7256005.0,7406983.0,17857050.0,-10480655.0,7376395.0,-6597642.0,-5314530.0,-1283112.0,,778753.0,-106724.0,,672029,104448.0,776477,-259833.0,516644,,516644,516644,ALOT,2011-01-31
995248,USD,2011,Q1,2011-06-01,2012-05-25,7267310.0,7416230.0,18859989.0,-11358701.0,7501288.0,-6944331.0,-5476470.0,-1467861.0,,556957.0,150320.0,,707277,,707277,-275838.0,431439,,431439,431439,ALOT,2011-04-30
995248,USD,2011,Q2,2011-09-08,2011-09-08,7292986.0,7445536.0,20335676.0,-12434648.0,7901028.0,-6677728.0,-5490322.0,-1187406.0,,1223300.0,296962.0,,1520262,,1520262,-474423.0,1045839,,1045839,1045839,ALOT,2011-07-31
995248,USD,2011,Q3,2011-12-06,2012-12-05,7339639.0,7420835.0,19568600.0,-11554870.0,8013730.0,-6825652.0,-5564020.0,-1261632.0,,1188078.0,-68663.0,,1119415,,1119415,-319428.0,799987,,799987,799987,ALOT,2011-10-31
995248,USD,2011,Q4,2012-04-04,2013-04-08,7400065.0,7433399.0,1959735.0,-3304781.0,-1345046.0,-614289.0,-208188.0,-406101.0,,-1959335.0,-62619.0,,-2021954,-681000.0,-2702954,1166689.0,-1536265,2391000.0,854735,854735,ALOT,2012-01-31
995248,USD,2012,Q1,2012-05-25,2013-06-04,7424852.0,7486714.0,14336000.0,-8837000.0,5499000.0,-5071000.0,-4087000.0,-984000.0,,428000.0,-13000.0,,415000,,415000,144000.0,559000,278000.0,837000,837000,ALOT,2012-04-30
995248,USD,2012,Q2,2012-08-31,2013-09-09,7439225.0,7491160.0,14663000.0,-9106000.0,5557000.0,-4993000.0,-4108000.0,-885000.0,,564000.0,-89000.0,,475000,,475000,-187000.0,288000,699000.0,987000,987000,ALOT,2012-07-31
995248,USD,2012,Q3,2012-12-05,2013-12-09,7379094.0,7461958.0,16039000.0,-9555000.0,6484000.0,-5283000.0,-4386000.0,-897000.0,,1201000.0,47000.0,,1248000,,1248000,-499000.0,749000,558000.0,1307000,1307000,ALOT,2012-10-31
995248,USD,2012,Q4,2013-04-08,2014-04-07,7340829.0,7492168.0,16186000.0,-9998000.0,6188000.0,-5455000.0,-4405000.0,-1050000.0,,733000.0,14000.0,,747000,,747000,-305000.0,442000,7194000.0,7636000,7636000,ALOT,2013-01-31
995248,USD,2013,Q1,2013-06-04,2014-06-04,7401465.0,7401465.0,15485000.0,-10380000.0,5105000.0,-5827000.0,-4714000.0,-1113000.0,,-722000.0,-36000.0,,-758000,,-758000,319000.0,-439000,-10000.0,-449000,-449000,ALOT,2013-04-30
995248,USD,2013,Q2,2013-09-09,2014-09-09,7457652.0,7654984.0,17194000.0,-10271000.0,6923000.0,-6036000.0,-4762000.0,-1274000.0,,887000.0,-25000.0,,862000,,862000,-331000.0,531000,165000.0,696000,696000,ALOT,2013-07-31
995248,USD,2013,Q3,2013-12-09,2014-12-10,7489690.0,7715820.0,18179000.0,-10816000.0,7363000.0,-6180000.0,-4950000.0,-1230000.0,,1183000.0,-2000.0,,1181000,,1181000,-436000.0,745000,363000.0,1108000,1108000,ALOT,2013-10-31
995248,USD,2013,Q4,2014-04-07,2015-04-08,7531193.0,8015731.0,17734000.0,-10142000.0,7592000.0,-7407000.0,-5952000.0,-1455000.0,,185000.0,-58000.0,,127000,,127000,273000.0,400000,1457000.0,1857000,1857000,ALOT,2014-01-31
995248,USD,2014,Q1,2014-06-04,2015-05-29,7601000.0,7848300.0,20774000.0,-12139000.0,8635000.0,-6936000.0,-5565000.0,-1371000.0,,1699000.0,-121000.0,,1578000,,1578000,-449000.0,1129000,,1129000,1129000,ALOT,2014-04-30
995248,USD,2014,Q2,2014-09-09,2015-09-08,7704000.0,7916000.0,22366000.0,-12777000.0,9589000.0,-7425000.0,-5946000.0,-1479000.0,,2164000.0,83000.0,,2247000,,2247000,-812000.0,1435000,,1435000,1435000,ALOT,2014-07-31
995248,USD,2014,Q3,2014-12-10,2015-12-11,7729530.0,7926000.0,23137000.0,-12985000.0,10152000.0,-7577000.0,-6013000.0,-1564000.0,,2575000.0,-46000.0,,2529000,,2529000,-974000.0,1555000,,1555000,1555000,ALOT,2014-10-31
995248,USD,2014,Q4,2015-04-08,2017-04-07,7413470.0,7645700.0,22070000.0,-13469000.0,8601000.0,-7808000.0,-6420000.0,-1388000.0,,793000.0,-215000.0,,578000,,578000,-35000.0,543000,,543000,543000,ALOT,2015-01-31
995248,USD,2015,Q1,2015-05-29,2016-06-06,7280000.0,7454000.0,22206000.0,-13176000.0,9030000.0,-7582000.0,-5786000.0,-1796000.0,,1448000.0,234000.0,,1682000,,1682000,-471000.0,1211000,,1211000,1211000,ALOT,2015-04-30
995248,USD,2015,Q2,2015-09-08,2016-09-13,7278000.0,7469000.0,23938000.0,-14092000.0,9846000.0,-8012000.0,-6447000.0,-1565000.0,,1834000.0,21000.0,,1855000,,1855000,-687000.0,1168000,,1168000,1168000,ALOT,2015-07-31
995248,USD,2015,Q3,2015-12-11,2016-12-13,7294595.0,7466000.0,24753000.0,-14601000.0,10152000.0,-8293000.0,-6454000.0,-1839000.0,,1859000.0,333000.0,,2192000,,2192000,-873000.0,1319000,,1319000,1319000,ALOT,2015-10-31
995248,USD,2015,Q4,2016-04-08,2018-04-10,7299405.0,7495000.0,23761000.0,-14631000.0,9130000.0,-8337000.0,-6592000.0,-1745000.0,,793000.0,387000.0,,1180000,,1180000,-353000.0,827000,,827000,827000,ALOT,2016-01-31
995248,USD,2016,Q1,2016-06-06,2017-06-08,7358000.0,7524249.0,24110000.0,-14637000.0,9473000.0,-7926000.0,-6482000.0,-1444000.0,,1547000.0,-52000.0,,1495000,,1495000,-476000.0,1019000,,1019000,1019000,ALOT,2016-04-30
995248,USD,2016,Q2,2016-09-13,2017-09-01,7418000.0,7586612.0,25339000.0,-15034000.0,10305000.0,-8557000.0,-6802000.0,-1755000.0,,1748000.0,40000.0,,1788000,,1788000,-496000.0,1292000,,1292000,1292000,ALOT,2016-07-31
995248,USD,2016,Q3,2016-12-13,2017-12-07,7444478.0,7594228.0,23342000.0,-13701000.0,9641000.0,-7807000.0,-6469000.0,-1338000.0,,1834000.0,-60000.0,,1774000,,1774000,-623000.0,1151000,,1151000,1151000,ALOT,2016-10-31
995248,USD,2016,Q4,2017-04-07,2019-04-10,7463522.0,7582911.0,25657000.0,-15587000.0,10070000.0,-8918000.0,-7141000.0,-1777000.0,,1152000.0,396000.0,,1548000,,1548000,-782000.0,766000,,766000,766000,ALOT,2017-01-31
995248,USD,2017,Q1,2017-06-08,2018-06-06,7480039.0,7615546.0,24458000.0,-15152000.0,9306000.0,-8599000.0,-7094000.0,-1505000.0,,707000.0,-48000.0,,659000,,659000,-147000.0,512000,,512000,512000,ALOT,2017-04-30
995248,USD,2017,Q2,2017-09-01,2018-09-05,6726623.0,6837836.0,27483000.0,-17224000.0,10259000.0,-9317000.0,-7642000.0,-1675000.0,,942000.0,16000.0,,958000,,958000,-231000.0,727000,,727000,727000,ALOT,2017-07-31
995248,USD,2017,Q3,2017-12-07,2018-12-04,6725414.0,6820921.0,28760000.0,-16966000.0,11794000.0,-10162000.0,-8129000.0,-2033000.0,,1632000.0,-12000.0,,1620000,,1620000,-201000.0,1419000,,1419000,1419000,ALOT,2017-10-31
995248,USD,2017,Q4,2018-04-10,2020-04-10,6711924.0,6785697.0,32700000.0,-20057000.0,12643000.0,-10512000.0,-8272000.0,-2240000.0,,2131000.0,-211000.0,-402000.0,1920000,,1920000,-1292000.0,628000,,628000,628000,ALOT,2018-01-31
995248,USD,2018,Q1,2018-06-06,2019-06-11,6788000.0,6916155.0,31487000.0,-19377000.0,12110000.0,-10845000.0,-9153000.0,-1692000.0,,1265000.0,-270000.0,,995000,,995000,-181000.0,814000,,814000,814000,ALOT,2018-04-30
995248,USD,2018,Q2,2018-09-05,2019-09-09,6859532.0,7082508.0,33807000.0,-20408000.0,13399000.0,-11234000.0,-9205000.0,-2029000.0,,2165000.0,-512000.0,,1653000,,1653000,-459000.0,1194000,,1194000,1194000,ALOT,2018-07-31
995248,USD,2018,Q3,2018-12-04,2019-12-10,6924554.0,7166628.0,34196000.0,-20288000.0,13908000.0,-11546000.0,-9423000.0,-2123000.0,,2362000.0,-538000.0,,1824000,,1824000,-407000.0,1417000,,1417000,1417000,ALOT,2018-10-31
995248,USD,2018,Q4,2019-04-10,2021-04-13,6951914.0,7170709.0,37167000.0,-22585000.0,14582000.0,-11654000.0,-9685000.0,-1969000.0,,2928000.0,653000.0,-731000.0,3581000,-745000.0,2836000,-531000.0,2305000,,2305000,2305000,ALOT,2019-01-31
995248,USD,2019,Q1,2019-06-11,2020-06-26,6971000.0,7248000.0,36181000.0,-21942000.0,14239000.0,-11771000.0,-9764000.0,-2007000.0,,2468000.0,-368000.0,,2100000,,2100000,-400000.0,1700000,,1700000,1700000,ALOT,2019-04-30
995248,USD,2019,Q2,2019-09-09,2019-09-09,7021000.0,7371000.0,33468000.0,-21491000.0,11977000.0,-10814000.0,-9029000.0,-1785000.0,,1163000.0,-183000.0,,980000,,980000,-29000.0,951000,,951000,951000,ALOT,2019-07-31
995248,USD,2019,Q3,2019-12-10,2019-12-10,7047000.0,7199000.0,33318000.0,-21021000.0,12297000.0,-11850000.0,-9774000.0,-2076000.0,,447000.0,-238000.0,,209000,,209000,247000.0,456000,,456000,456000,ALOT,2019-10-31
995248,USD,2019,Q4,2020-04-10,2021-04-13,7057000.0,7134000.0,30479000.0,-20234000.0,10245000.0,-11890000.0,-9674000.0,-2216000.0,,-1645000.0,174000.0,-682000.0,-1471000,-448000.0,-1919000,571000.0,-1348000,,-1348000,-1348000,ALOT,2020-01-31
