SimFinId,Currency,Fiscal Year,Fiscal Period,Publish Date,Restated Date,Shares (Basic),Shares (Diluted),Revenue,Cost of Revenue,Gross Profit,Operating Expenses,"Selling, General & Administrative",Research & Development,Depreciation & Amortization,Operating Income (Loss),Non-Operating Income (Loss),"Interest Expense, Net","Pretax Income (Loss), Adj.",Abnormal Gains (Losses),Pretax Income (Loss),"Income Tax (Expense) Benefit, Net",Income (Loss) from Continuing Operations,Net Extraordinary Gains (Losses),Net Income,Net Income (Common),Ticker,Report_Date
652141,USD,2011,Q2,2011-08-05,2012-08-06,85053417.0,85053417.0,50265000.0,-22487000.0,27778000.0,-17483000.0,-9286000.0,,-4425000.0,10295000.0,-9459000.0,-9459000.0,836000,0.0,836000,-1188000.0,-352000,,-352000,-352000,EVC,2011-06-30
652141,USD,2011,Q3,2011-11-04,2012-11-02,85055659.0,85055659.0,50115000.0,-22582000.0,27533000.0,-17521000.0,-8621000.0,,-5015000.0,10012000.0,-9444000.0,-9444000.0,568000,0.0,568000,-1952000.0,-1384000,,-1384000,-1384000,EVC,2011-09-30
652141,USD,2011,Q4,2012-03-09,2014-03-10,85055710.0,85055710.0,49972000.0,-22700000.0,27272000.0,-18109000.0,-9361000.0,,-4481000.0,9163000.0,-9303000.0,-9303000.0,-140000,-423000.0,-563000,-1469000.0,-2032000,,-2032000,-2032000,EVC,2011-12-31
652141,USD,2012,Q1,2012-05-09,2013-05-03,85806080.0,85806080.0,46524000.0,-21634000.0,24890000.0,-17600000.0,-9372000.0,,-4347000.0,7290000.0,-9096000.0,-9096000.0,-1806000,,-1806000,-1589000.0,-3395000,,-3395000,-3395000,EVC,2012-03-31
652141,USD,2012,Q2,2012-08-06,2013-08-05,85837846.0,86178331.0,54491000.0,-22876000.0,31615000.0,-17892000.0,-9635000.0,,-4076000.0,13723000.0,-8950000.0,-8950000.0,4773000,-1230000.0,3543000,-1477000.0,2066000,,2066000,2066000,EVC,2012-06-30
652141,USD,2012,Q3,2012-11-02,2013-11-08,85940225.0,86386655.0,58486000.0,-23293000.0,35193000.0,-18071000.0,-9593000.0,,-4013000.0,17122000.0,-8661000.0,-8661000.0,8461000,,8461000,-1228000.0,7233000,,7233000,7233000,EVC,2012-09-30
652141,USD,2012,Q4,2013-03-11,2015-03-06,85946433.0,86885758.0,63752000.0,-24453000.0,39299000.0,-18657000.0,-9218000.0,,-3990000.0,20642000.0,-8614000.0,-8614000.0,12028000,-2513000.0,9515000,-1818000.0,7697000,,7697000,7697000,EVC,2012-12-31
652141,USD,2013,Q1,2013-05-03,2014-05-09,86459017.0,86459017.0,49087000.0,-24225000.0,24862000.0,-16135000.0,-7683000.0,,-3955000.0,8727000.0,-7777000.0,-7777000.0,950000,,950000,-1907000.0,-957000,,-957000,-957000,EVC,2013-03-31
652141,USD,2013,Q2,2013-08-05,2014-08-07,87074952.0,89228790.0,56950000.0,-25988000.0,30962000.0,-15980000.0,-7424000.0,,-3820000.0,14982000.0,-7872000.0,-7872000.0,7110000,-130000.0,6980000,-1907000.0,5073000,,5073000,5073000,EVC,2013-06-30
652141,USD,2013,Q3,2013-11-08,2014-11-07,87959856.0,87959856.0,57786000.0,-25860000.0,31926000.0,-16755000.0,-8131000.0,,-3613000.0,15171000.0,-5340000.0,-5340000.0,9831000,-29404000.0,-19573000,-1811000.0,-21384000,,-21384000,-21384000,EVC,2013-09-30
652141,USD,2013,Q4,2014-03-10,2016-03-09,88110667.0,93707121.0,60093000.0,-25346000.0,34747000.0,-19677000.0,-10585000.0,,-3565000.0,15070000.0,-3598000.0,-3598000.0,11472000,-141000.0,11331000,139762000.0,151093000,,151093000,151093000,EVC,2013-12-31
652141,USD,2014,Q1,2014-05-09,2015-05-08,88683948.0,90943866.0,52656000.0,-24876000.0,27780000.0,-16982000.0,-8631000.0,,-3515000.0,10798000.0,-3426000.0,-3426000.0,7372000,,7372000,-2984000.0,4388000,,4388000,4388000,EVC,2014-03-31
652141,USD,2014,Q2,2014-08-07,2015-08-07,89276794.0,91202732.0,61846000.0,-26104000.0,35742000.0,-17661000.0,-8897000.0,,-3503000.0,18081000.0,-3456000.0,-3456000.0,14625000,,14625000,-5890000.0,8735000,,8735000,8735000,EVC,2014-06-30
652141,USD,2014,Q3,2014-11-07,2015-11-06,89179192.0,91239798.0,62274000.0,-27796000.0,34478000.0,-18321000.0,-9637000.0,,-3785000.0,16157000.0,-3489000.0,-3489000.0,12668000,,12668000,-4611000.0,8057000,,8057000,8057000,EVC,2014-09-30
652141,USD,2014,Q4,2015-03-06,2017-03-10,87581354.0,90388540.0,65262000.0,-29091000.0,36171000.0,-20806000.0,-10641000.0,,-3860000.0,15365000.0,-3483000.0,-3483000.0,11882000,-981000.0,10901000,-4959000.0,5942000,,5942000,5942000,EVC,2014-12-31
652141,USD,2015,Q1,2015-05-08,2016-05-06,87531375.0,90085961.0,59550000.0,-28045000.0,31505000.0,-19456000.0,-10501000.0,,-3962000.0,12049000.0,-3219000.0,-3219000.0,8830000,,8830000,-3546000.0,5284000,,5284000,5284000,EVC,2015-03-31
652141,USD,2015,Q2,2015-08-07,2016-08-05,87832430.0,90091735.0,59891000.0,-28436000.0,31455000.0,-19492000.0,-10484000.0,,-3958000.0,11963000.0,-3245000.0,-3245000.0,8718000,,8718000,-3477000.0,5241000,,5241000,5241000,EVC,2015-06-30
652141,USD,2015,Q3,2015-11-06,2016-11-04,88090143.0,90423333.0,69261000.0,-29505000.0,39756000.0,-20745000.0,-11180000.0,,-4030000.0,19011000.0,-3274000.0,-3274000.0,15737000,,15737000,-6444000.0,9293000,,9293000,9293000,EVC,2015-09-30
652141,USD,2015,Q4,2016-03-09,2018-03-30,88226972.0,90579711.0,65432000.0,-31579000.0,33853000.0,-21631000.0,-10650000.0,,-4039000.0,12222000.0,-3264000.0,-3264000.0,8958000,-204000.0,8754000,-2947000.0,5807000,,5807000,5807000,EVC,2015-12-31
652141,USD,2016,Q1,2016-05-06,2017-05-05,88897456.0,90932109.0,58113000.0,-29404000.0,28709000.0,-21066000.0,-11435000.0,,-4027000.0,7643000.0,-3859000.0,-3859000.0,3784000,,3784000,-1514000.0,2270000,,2270000,2270000,EVC,2016-03-31
652141,USD,2016,Q2,2016-08-05,2017-08-04,89134412.0,91140596.0,64829000.0,-30911000.0,33918000.0,-20588000.0,-11410000.0,,-3885000.0,13330000.0,-3741000.0,-3741000.0,9589000,,9589000,-3872000.0,5717000,,5717000,5717000,EVC,2016-06-30
652141,USD,2016,Q3,2016-11-04,2017-11-09,89590135.0,91489975.0,65281000.0,-30519000.0,34762000.0,-21489000.0,-11949000.0,,-3812000.0,13273000.0,-3823000.0,-3823000.0,9450000,,9450000,-4035000.0,5415000,,5415000,5415000,EVC,2016-09-30
652141,USD,2016,Q4,2017-03-10,2018-03-30,89740353.0,91649544.0,70291000.0,-32141000.0,38150000.0,-23540000.0,-12004000.0,,-3618000.0,14610000.0,-3746000.0,-3746000.0,10864000,-161000.0,10703000,-3700000.0,7003000,,7003000,7003000,EVC,2016-12-31
652141,USD,2017,Q1,2017-05-05,2018-05-09,90236476.0,91760531.0,57510000.0,-28844000.0,28666000.0,-20613000.0,-11200000.0,,-3546000.0,8053000.0,-3536000.0,-3536000.0,4517000,,4517000,-1899000.0,2618000,,2618000,2618000,EVC,2017-03-31
652141,USD,2017,Q2,2017-08-04,2018-08-06,90354982.0,92033111.0,70509000.0,-38677000.0,31832000.0,-22226000.0,-12030000.0,,-4577000.0,9606000.0,-3924000.0,-3573000.0,5682000,,5682000,-2119000.0,3563000,,3495000,3495000,EVC,2017-06-30
652141,USD,2017,Q3,2017-11-09,2017-11-09,90517492.0,92161108.0,334555000.0,-52272000.0,282283000.0,-25359000.0,-12813000.0,,-4337000.0,256924000.0,-3442000.0,-3500000.0,253482000,,253482000,-96167000.0,157315000,,157208000,157208000,EVC,2017-09-30
652141,USD,2017,Q4,2018-03-30,2018-03-30,89980078.0,91613078.0,73460000.0,-44036000.0,29424000.0,-25266000.0,-13073000.0,,-3951000.0,4158000.0,-5121000.0,-5326000.0,-963000,-3306000.0,-4269000,17376000.0,13107000,,12972000,12972000,EVC,2017-12-31
652141,USD,2018,Q1,2018-05-09,2018-05-09,90319092.0,90319092.0,66838000.0,-41658000.0,25180000.0,-23208000.0,-13294000.0,,-3939000.0,1972000.0,-2548000.0,-2485000.0,-576000,-2100000.0,-2676000,930000.0,-1746000,,-1808000,-1808000,EVC,2018-03-31
652141,USD,2018,Q2,2018-08-06,2018-08-06,88959935.0,90021949.0,74329000.0,-42501000.0,31828000.0,-22958000.0,-12673000.0,,-4019000.0,8870000.0,-2255000.0,-2962000.0,6615000,913000.0,7528000,-2652000.0,4876000,,4840000,4840000,EVC,2018-06-30
652141,USD,2018,Q3,2018-11-08,2018-11-08,88852342.0,90122425.0,74575000.0,-44934000.0,29641000.0,-23405000.0,-12398000.0,,-4094000.0,6236000.0,-2613000.0,-3062000.0,3623000,114000.0,3737000,-1443000.0,2294000,,2215000,2215000,EVC,2018-09-30
652141,USD,2018,Q4,2019-05-07,2019-05-07,88332619.0,90850866.0,82073000.0,-41245000.0,40828000.0,-23915000.0,-13170000.0,,-4221000.0,16913000.0,-4495000.0,-3261000.0,12418000,405000.0,12823000,-4712000.0,8111000,,6914000,6914000,EVC,2018-12-31
652141,USD,2019,Q1,2019-05-15,2019-05-15,86101741.0,87152987.0,64680000.0,-36572000.0,28108000.0,-22628000.0,-13814000.0,,-3916000.0,5480000.0,-2448000.0,-2571000.0,3032000,-359000.0,2673000,-1093000.0,1580000,,1424000,1424000,EVC,2019-03-31
652141,USD,2019,Q2,2019-08-08,2019-08-08,85359998.0,85359998.0,69241000.0,-38514000.0,30727000.0,-22755000.0,-13545000.0,,-4306000.0,7972000.0,-2364000.0,-2697000.0,5608000,-19633000.0,-14025000,-2252000.0,-16277000,,-16279000,-16279000,EVC,2019-06-30
652141,USD,2019,Q3,2019-11-08,2019-11-08,84765694.0,84765694.0,68816000.0,-40749000.0,28067000.0,-21860000.0,-12457000.0,,-4190000.0,6207000.0,-3398000.0,-2712000.0,2809000,-9075000.0,-6266000,-5920000.0,-12186000,,-12217000,-12217000,EVC,2019-09-30
652141,USD,2019,Q4,2020-03-16,2020-03-16,84201771.0,83150525.0,70838000.0,-40334000.0,30504000.0,-25443000.0,-14149000.0,,-4236000.0,5061000.0,-1956000.0,-2350000.0,3105000,3193000.0,6298000,1107000.0,7405000,,7360000,7360000,EVC,2019-12-31
652141,USD,2020,Q1,2020-05-08,2021-05-07,84317767.0,84317767.0,64249000.0,-7347000.0,56902000.0,-50786000.0,-13591000.0,,-31191000.0,6116000.0,-3541000.0,-2056000.0,2575000,-39835000.0,-37260000,1668000.0,-35592000,,-35592000,-35592000,EVC,2020-03-31
