SimFinId,Currency,Fiscal Year,Fiscal Period,Publish Date,Restated Date,Shares (Basic),Shares (Diluted),Revenue,Cost of Revenue,Gross Profit,Operating Expenses,"Selling, General & Administrative",Research & Development,Depreciation & Amortization,Operating Income (Loss),Non-Operating Income (Loss),"Interest Expense, Net","Pretax Income (Loss), Adj.",Abnormal Gains (Losses),Pretax Income (Loss),"Income Tax (Expense) Benefit, Net",Income (Loss) from Continuing Operations,Net Extraordinary Gains (Losses),Net Income,Net Income (Common),Ticker,Report_Date
78526,USD,2011,Q2,2010-12-17,2011-12-20,642100000.0,664500000.0,4066600000.0,-2432600000.0,1634000000.0,-810100000.0,-810100000.0,,,823900000.0,-81600000.0,-81600000.0,742300000,-1000000.0,741300000,-160700000.0,615300000,,613900000,613900000,GIS,2010-11-30
78526,USD,2011,Q3,2011-03-23,2012-03-21,638900000.0,660100000.0,3646200000.0,-2215400000.0,1430800000.0,-790200000.0,-790200000.0,,,640600000.0,-85000000.0,-85000000.0,555600000,14200000.0,569800000,-181700000.0,393500000,,392100000,392100000,GIS,2011-02-28
78526,USD,2011,Q4,2011-07-08,2013-07-03,642500000.0,662700000.0,3634300000.0,-2269900000.0,1364400000.0,-828800000.0,-828800000.0,,,535600000.0,-89400000.0,-89400000.0,446200000,800000.0,447000000,-155700000.0,321100000,,320200000,320200000,GIS,2011-05-31
78526,USD,2012,Q1,2011-09-21,2012-09-19,647900000.0,667000000.0,3847600000.0,-2401100000.0,1446500000.0,-807500000.0,-807500000.0,,,639000000.0,-85400000.0,-85400000.0,553600000,-100000.0,553500000,-177500000.0,404300000,,405600000,405600000,GIS,2011-08-31
78526,USD,2012,Q2,2011-12-20,2012-12-19,646300000.0,665800000.0,4623800000.0,-3029100000.0,1594700000.0,-877100000.0,-877100000.0,,,717600000.0,-87200000.0,-87200000.0,630400000,-700000.0,629700000,-209400000.0,449200000,,444800000,444800000,GIS,2011-11-30
78526,USD,2012,Q3,2012-03-21,2013-03-20,647900000.0,667300000.0,4120100000.0,-2612700000.0,1507400000.0,-838700000.0,-838700000.0,,,668700000.0,-96000000.0,-96000000.0,572700000,-100000.0,572600000,-187300000.0,400800000,,391500000,391500000,GIS,2012-02-29
78526,USD,2012,Q4,2012-07-03,2014-07-03,650300000.0,666700000.0,4066400000.0,-2570300000.0,1496100000.0,-857400000.0,-857400000.0,,,638700000.0,-83300000.0,-83300000.0,555400000,-100700000.0,454700000,-135400000.0,334800000,,325400000,325400000,GIS,2012-05-31
78526,USD,2013,Q1,2012-09-19,2013-09-18,650400000.0,667400000.0,4051000000.0,-2422700000.0,1628300000.0,-839000000.0,-839000000.0,,,789300000.0,-83000000.0,-83000000.0,706300000,-9200000.0,697100000,-158100000.0,562100000,,548900000,548900000,GIS,2012-08-31
78526,USD,2013,Q2,2012-12-19,2013-12-18,648100000.0,664500000.0,4881800000.0,-3139500000.0,1742300000.0,-910600000.0,-910600000.0,,,831700000.0,-75500000.0,-75500000.0,756200000,-2700000.0,753500000,-245400000.0,541000000,,541600000,541600000,GIS,2012-11-30
78526,USD,2013,Q3,2013-03-20,2014-03-19,648500000.0,665100000.0,4430600000.0,-2907900000.0,1522700000.0,-874500000.0,-874500000.0,,,648200000.0,-76600000.0,-76600000.0,571600000,-6100000.0,565500000,-174200000.0,412600000,,398400000,398400000,GIS,2013-02-28
78526,USD,2013,Q4,2013-07-03,2015-07-06,647400000.0,665400000.0,4410700000.0,-2880100000.0,1530600000.0,-928200000.0,-928200000.0,,,602400000.0,-81800000.0,-81800000.0,520600000,-1800000.0,518800000,-163500000.0,376800000,,366300000,366300000,GIS,2013-05-31
78526,USD,2014,Q1,2013-09-18,2014-09-18,643000000.0,660300000.0,4372700000.0,-2759700000.0,1613000000.0,-875400000.0,-875400000.0,,,737600000.0,-78800000.0,-78800000.0,658800000,-2800000.0,656000000,-212000000.0,468100000,,459300000,459300000,GIS,2013-08-31
78526,USD,2014,Q2,2013-12-18,2014-12-17,633200000.0,650000000.0,4875700000.0,-3114000000.0,1761700000.0,-890900000.0,-890900000.0,,,870800000.0,-68700000.0,-68700000.0,802100000,-700000.0,801400000,-266700000.0,560800000,,549900000,549900000,GIS,2013-11-30
78526,USD,2014,Q3,2014-03-19,2015-03-18,623500000.0,640200000.0,4377400000.0,-2864700000.0,1512700000.0,-842100000.0,-842100000.0,,,670600000.0,-75500000.0,-75500000.0,595100000,0.0,595100000,-200900000.0,417000000,,410600000,410600000,GIS,2014-02-28
78526,USD,2014,Q4,2014-07-03,2016-06-30,614700000.0,632300000.0,4283800000.0,-2801400000.0,1482400000.0,-865900000.0,-865900000.0,,,616500000.0,-79400000.0,-79400000.0,537100000,65400000.0,602500000,-203700000.0,415400000,,404600000,404600000,GIS,2014-05-31
78526,USD,2015,Q1,2014-09-18,2015-09-23,612600000.0,629100000.0,4268400000.0,-2829700000.0,1438700000.0,-867200000.0,-867200000.0,,,571500000.0,-78500000.0,-78500000.0,493000000,-14000000.0,479000000,-152600000.0,352400000,,345200000,345200000,GIS,2014-08-31
78526,USD,2015,Q2,2014-12-17,2015-12-17,602600000.0,618400000.0,4712200000.0,-3093100000.0,1619100000.0,-845500000.0,-845500000.0,,,773600000.0,-77300000.0,-77300000.0,696300000,-214600000.0,481700000,-153400000.0,355400000,,346100000,346100000,GIS,2014-11-30
78526,USD,2015,Q3,2015-03-18,2016-03-23,598200000.0,613800000.0,4350900000.0,-2975000000.0,1375900000.0,-789400000.0,-789400000.0,,,586500000.0,-80000000.0,-80000000.0,506500000,-49300000.0,457200000,-116500000.0,353800000,,343200000,343200000,GIS,2015-02-28
78526,USD,2015,Q4,2015-07-06,2017-06-29,599800000.0,613900000.0,4298800000.0,-2783300000.0,1515500000.0,-825900000.0,-825900000.0,,,689600000.0,-79600000.0,-79600000.0,610000000,-266000000.0,344000000,-164300000.0,197800000,,186800000,186800000,GIS,2015-05-31
78526,USD,2016,Q1,2015-09-23,2016-09-21,601700000.0,615500000.0,4207900000.0,-2653300000.0,1554600000.0,-811200000.0,-811200000.0,,,743400000.0,-75300000.0,-75300000.0,668100000,-60100000.0,608000000,-198600000.0,435100000,,426600000,426600000,GIS,2015-08-31
78526,USD,2016,Q2,2015-12-17,2016-12-20,599400000.0,612400000.0,4424900000.0,-2884300000.0,1540600000.0,-772700000.0,-772700000.0,,,767900000.0,-73800000.0,-73800000.0,694100000,137800000.0,831900000,-311500000.0,543600000,,529500000,529500000,GIS,2015-11-30
78526,USD,2016,Q3,2016-03-23,2017-03-21,595600000.0,608500000.0,4002400000.0,-2644900000.0,1357500000.0,-755800000.0,-755800000.0,,,601700000.0,-77200000.0,-77200000.0,524500000,-15400000.0,509100000,-157600000.0,367700000,,361700000,361700000,GIS,2016-02-29
78526,USD,2016,Q4,2016-06-30,2017-06-29,598900000.0,611200000.0,3927900000.0,-2551100000.0,1376800000.0,-779200000.0,-779200000.0,,,597600000.0,-77500000.0,-77500000.0,520100000,-65500000.0,454600000,-87500000.0,390400000,,379600000,379600000,GIS,2016-05-31
78526,USD,2017,Q1,2016-09-21,2017-09-20,600000000.0,612400000.0,3907900000.0,-2491000000.0,1416900000.0,-712200000.0,-712200000.0,,,704700000.0,-73900000.0,-73900000.0,630800000,-58900000.0,571900000,-176600000.0,419500000,,409000000,409000000,GIS,2016-08-31
78526,USD,2017,Q2,2016-12-20,2016-12-20,588800000.0,599700000.0,4112100000.0,-2592600000.0,1519500000.0,-708100000.0,-708100000.0,,,811400000.0,-75500000.0,-75500000.0,735900000,-42500000.0,693400000,-227400000.0,495800000,,481800000,481800000,GIS,2016-11-30
78526,USD,2017,Q3,2017-03-21,2017-03-21,580700000.0,591400000.0,3793200000.0,-2485500000.0,1307700000.0,-687600000.0,-687600000.0,,,620100000.0,-76400000.0,-76400000.0,543700000,-77600000.0,466100000,-107000000.0,370200000,,357800000,357800000,GIS,2017-02-28
78526,USD,2017,Q4,2017-06-29,2017-06-29,578900000.0,588500000.0,3806600000.0,-2486900000.0,1319700000.0,-693400000.0,-693400000.0,,,626300000.0,-69300000.0,-69300000.0,557000000,-17100000.0,539900000,-144200000.0,415600000,,408900000,408900000,GIS,2017-05-31
78526,USD,2018,Q1,2017-09-20,2018-09-18,576500000.0,586900000.0,3769200000.0,-2455900000.0,1313300000.0,-702800000.0,-702800000.0,,,610500000.0,-72400000.0,-72400000.0,538100000,15300000.0,553400000,-168500000.0,408600000,,404700000,404700000,GIS,2017-08-31
78526,USD,2018,Q2,2017-12-20,2018-12-19,571300000.0,580300000.0,4198700000.0,-2752500000.0,1446200000.0,-735600000.0,-735600000.0,,,710600000.0,-74900000.0,-74900000.0,635700000,19200000.0,654900000,-234900000.0,443800000,,430500000,430500000,GIS,2017-11-30
78526,USD,2018,Q3,2018-03-21,2018-03-21,572500000.0,582700000.0,3882300000.0,-2627000000.0,1255300000.0,-655100000.0,-655100000.0,,,600200000.0,-89300000.0,-89300000.0,510900000,-7500000.0,503400000,432500000.0,952500000,,941400000,941400000,GIS,2018-02-28
78526,USD,2018,Q4,2018-06-29,2018-09-18,586900000.0,592900000.0,3890200000.0,-2477500000.0,1412700000.0,-659100000.0,-659100000.0,,,753600000.0,-137100000.0,-137100000.0,616500000,-192600000.0,423900000,-86400000.0,358100000,,354400000,354400000,GIS,2018-05-31
78526,USD,2019,Q1,2018-09-18,2018-09-18,598000000.0,603300000.0,4094000000.0,-2751200000.0,1342800000.0,-742700000.0,-742700000.0,,,600100000.0,-133500000.0,-133500000.0,466600000,22300000.0,488900000,-110700000.0,395900000,,392300000,392300000,GIS,2018-08-31
78526,USD,2019,Q2,2018-12-19,2018-12-19,599400000.0,604500000.0,4411200000.0,-2901500000.0,1509700000.0,-753300000.0,-753300000.0,,,756400000.0,-132700000.0,-132700000.0,623700000,-188400000.0,435300000,-106600000.0,351200000,,343400000,343400000,GIS,2018-11-30
78526,USD,2019,Q3,2019-03-20,2019-03-20,600400000.0,604500000.0,4198300000.0,-2755300000.0,1443000000.0,-696600000.0,-696600000.0,,,746400000.0,-130800000.0,-130800000.0,615600000,-73700000.0,541900000,-95800000.0,457900000,,446800000,446800000,GIS,2019-02-28
78526,USD,2019,Q4,2019-06-28,2019-06-28,603800000.0,609300000.0,4161700000.0,-2700400000.0,1461300000.0,-743200000.0,-743200000.0,,,718100000.0,-124799999.0,-124799999.0,593300001,22600000.0,615900001,-54700000.0,581200001,,570200001,570200001,GIS,2019-05-31
78526,USD,2020,Q1,2019-09-18,2020-09-23,606000000.0,611500000.0,4002500000.0,-2613000000.0,1389500000.0,-718900000.0,-718900000.0,,,670600000.0,-118700000.0,-118700000.0,551900000,22000001.0,573900001,-67200000.0,528500001,,520600001,520600001,GIS,2019-08-31
78526,USD,2020,Q2,2019-12-18,2020-12-17,607400000.0,612300000.0,4420800000.0,-2851700000.0,1569100000.0,-759000000.0,-759000000.0,,,810100000.0,-119400000.0,-119400000.0,690700000,31300000.0,722000000,-155500000.0,591400000,,580800000,580800000,GIS,2019-11-30
78526,USD,2020,Q3,2020-03-18,2021-03-24,607900000.0,612800000.0,4180300000.0,-2777100000.0,1403200000.0,-746600000.0,-746600000.0,,,656600000.0,-109800000.0,-109800000.0,546800000,24500000.0,571300000,-118200000.0,463900000,,454100000,454100000,GIS,2020-02-29
