SimFinId,Currency,Fiscal Year,Fiscal Period,Publish Date,Restated Date,Shares (Basic),Shares (Diluted),Revenue,Cost of Revenue,Gross Profit,Operating Expenses,"Selling, General & Administrative",Research & Development,Depreciation & Amortization,Operating Income (Loss),Non-Operating Income (Loss),"Interest Expense, Net","Pretax Income (Loss), Adj.",Abnormal Gains (Losses),Pretax Income (Loss),"Income Tax (Expense) Benefit, Net",Income (Loss) from Continuing Operations,Net Extraordinary Gains (Losses),Net Income,Net Income (Common),Ticker,Report_Date
985052,USD,2010,Q3,2010-12-08,2011-12-08,10757000.0,10768000.0,55735000.0,-43460000.0,12275000.0,-10610000.0,-10610000.0,,,1665000.0,27000.0,,1692000,,1692000,-522000.0,1170000,,1170000,1170000,HOFT,2010-10-31
985052,USD,2010,Q4,2011-04-13,2013-04-19,10757000.0,10777000.0,54964000.0,-44082000.0,10882000.0,-9962000.0,-9962000.0,,,920000.0,25000.0,,945000,-1799000.0,-854000,672000.0,-182000,,-182000,-182000,HOFT,2011-01-31
985052,USD,2011,Q1,2011-06-07,2012-06-06,10761000.0,10778000.0,58393000.0,-47360000.0,11033000.0,-10286000.0,-10286000.0,,,747000.0,54000.0,,801000,,801000,-278000.0,523000,,523000,523000,HOFT,2011-04-30
985052,USD,2011,Q2,2011-09-07,2012-09-06,10761000.0,10784000.0,55574000.0,-43411000.0,12163000.0,-9669000.0,-9669000.0,,,2494000.0,27000.0,,2521000,,2521000,-875000.0,1646000,,1646000,1646000,HOFT,2011-07-31
985052,USD,2011,Q3,2011-12-08,2012-12-05,10762000.0,10783000.0,54180000.0,-41443000.0,12737000.0,-10031000.0,-10031000.0,,,2706000.0,117000.0,,2823000,,2823000,-563000.0,2260000,,2260000,2260000,HOFT,2011-10-31
985052,USD,2011,Q4,2012-04-13,2014-04-18,10764000.0,10815000.0,54358000.0,-41428000.0,12930000.0,-10389000.0,-10389000.0,,,2541000.0,74000.0,,2615000,-1815000.0,800000,-172000.0,628000,,628000,628000,HOFT,2012-01-31
985052,USD,2012,Q1,2012-06-06,2013-06-12,10772000.0,10794000.0,51730000.0,-40808000.0,10922000.0,-9394000.0,-9394000.0,,,1528000.0,44000.0,,1572000,,1572000,-552000.0,1020000,,1020000,1020000,HOFT,2012-04-30
985052,USD,2012,Q2,2012-09-06,2013-09-12,10770000.0,10789000.0,50185000.0,-38920000.0,11265000.0,-8943000.0,-8943000.0,,,2322000.0,20000.0,,2342000,,2342000,-868000.0,1474000,,1474000,1474000,HOFT,2012-07-31
985052,USD,2012,Q3,2012-12-05,2013-12-12,10723000.0,10742000.0,56803000.0,-43243000.0,13560000.0,-9781000.0,-9781000.0,,,3779000.0,34000.0,,3813000,,3813000,-1379000.0,2434000,,2434000,2434000,HOFT,2012-10-31
985052,USD,2012,Q4,2013-04-19,2015-04-17,10715000.0,10775000.0,59641000.0,-42842000.0,16799000.0,-11488000.0,-11488000.0,,,5311000.0,-45000.0,,5266000,,5266000,-1568000.0,3698000,,3698000,3698000,HOFT,2013-01-31
985052,USD,2013,Q1,2013-06-12,2014-06-12,10717000.0,10747000.0,56295000.0,-42379000.0,13916000.0,-10682000.0,-10682000.0,,,3234000.0,-32000.0,,3202000,,3202000,-1076000.0,2126000,,2126000,2126000,HOFT,2013-04-30
985052,USD,2013,Q2,2013-09-12,2014-09-12,10722000.0,10753000.0,55301000.0,-42044000.0,13257000.0,-10617000.0,-10617000.0,,,2640000.0,-22000.0,,2618000,,2618000,-930000.0,1688000,,1688000,1688000,HOFT,2013-07-31
985052,USD,2013,Q3,2013-12-12,2014-12-12,10724000.0,10753000.0,59125000.0,-45527000.0,13598000.0,-10443000.0,-10443000.0,,,3155000.0,9000.0,,3164000,,3164000,-1048000.0,2116000,,2116000,2116000,HOFT,2013-10-31
985052,USD,2013,Q4,2014-04-18,2016-04-15,10725000.0,10755000.0,57572000.0,-43618000.0,13954000.0,-10480000.0,-10480000.0,,,3474000.0,10000.0,,3484000,,3484000,-1485000.0,1999000,,1999000,1999000,HOFT,2014-01-31
985052,USD,2014,Q1,2014-06-12,2015-06-09,10724000.0,10762000.0,61396000.0,-45786000.0,15610000.0,-11367000.0,-11367000.0,,,4243000.0,46000.0,,4289000,,4289000,-1485000.0,2804000,,2804000,2804000,HOFT,2014-04-30
985052,USD,2014,Q2,2014-09-12,2015-09-10,10731000.0,10767000.0,54883000.0,-41226000.0,13657000.0,-10243000.0,-10243000.0,,,3414000.0,52000.0,,3466000,,3466000,-1194000.0,2272000,,2272000,2272000,HOFT,2014-07-31
985052,USD,2014,Q3,2014-12-12,2015-12-10,10742000.0,10771000.0,63168000.0,-47137000.0,16031000.0,-11148000.0,-11148000.0,,,4883000.0,85000.0,,4968000,,4968000,-1764000.0,3204000,,3204000,3204000,HOFT,2014-10-31
985052,USD,2014,Q4,2015-04-17,2017-04-14,10747000.0,10784000.0,64903000.0,-47401000.0,17502000.0,-10994000.0,-10994000.0,,0.0,6508000.0,167000.0,-53000.0,6675000,,6675000,-2377000.0,4298000,,4298000,4298000,HOFT,2015-01-31
985052,USD,2015,Q1,2015-06-09,2016-06-10,10756000.0,10781000.0,60956000.0,-44581000.0,16375000.0,-11133000.0,-11133000.0,,0.0,5242000.0,132000.0,-12000.0,5374000,,5374000,-1902000.0,3472000,,3472000,3472000,HOFT,2015-04-30
985052,USD,2015,Q2,2015-09-10,2016-09-09,10783000.0,10806000.0,60140000.0,-44047000.0,16093000.0,-10234000.0,-10234000.0,,0.0,5859000.0,51000.0,-18000.0,5910000,,5910000,-1972000.0,3938000,,3938000,3938000,HOFT,2015-07-31
985052,USD,2015,Q3,2015-12-10,2016-12-09,10787000.0,10809000.0,65338000.0,-47173000.0,18165000.0,-11525000.0,-11525000.0,,0.0,6640000.0,33000.0,-17000.0,6673000,,6673000,-2043000.0,4630000,,4630000,4630000,HOFT,2015-10-31
985052,USD,2015,Q4,2016-04-15,2018-04-13,10790000.0,10832000.0,60565000.0,-42510000.0,18055000.0,-11534000.0,-11534000.0,,0.0,6521000.0,-19000.0,-17000.0,6502000,,6502000,-2357000.0,4145000,,4145000,4145000,HOFT,2016-01-31
985052,USD,2016,Q1,2016-06-10,2017-06-08,11515000.0,11540000.0,121831000.0,-95232000.0,26599000.0,-22598000.0,-20944000.0,,-1654000.0,4001000.0,-104000.0,-263000.0,3897000,,3897000,-1397000.0,2500000,,2500000,2500000,HOFT,2016-04-30
985052,USD,2016,Q2,2016-09-09,2017-09-08,11533000.0,11554000.0,136163000.0,-107685000.0,28478000.0,-20254000.0,-19441000.0,,-813000.0,8224000.0,12000.0,-247000.0,8236000,,8236000,-2887000.0,5349000,,5349000,5349000,HOFT,2016-07-31
985052,USD,2016,Q3,2016-12-09,2017-12-08,11537000.0,11559000.0,145298000.0,-114372000.0,30926000.0,-20987000.0,-20653000.0,,-334000.0,9939000.0,-27000.0,-245000.0,9912000,,9912000,-3453000.0,6459000,,6459000,6459000,HOFT,2016-10-31
985052,USD,2016,Q4,2017-04-14,2019-04-19,11539000.0,11599000.0,173927000.0,-133809000.0,40118000.0,-22481000.0,-22148000.0,,-333000.0,17637000.0,-486000.0,-199000.0,17151000,,17151000,-6172000.0,10979000,,10979000,10979000,HOFT,2017-01-31
985052,USD,2017,Q1,2017-06-08,2018-06-08,11543000.0,11578000.0,130872000.0,-102729000.0,28143000.0,-20904000.0,-20570000.0,,-334000.0,7239000.0,-159000.0,-251000.0,7080000,,7080000,-2334000.0,4746000,,4746000,4746000,HOFT,2017-04-30
985052,USD,2017,Q2,2017-09-08,2018-09-06,11565000.0,11593000.0,156308000.0,-123191000.0,33117000.0,-21191000.0,-20858000.0,,-333000.0,11926000.0,86000.0,-282000.0,12012000,,12012000,-4234000.0,7778000,,7778000,7778000,HOFT,2017-07-31
985052,USD,2017,Q3,2017-12-08,2018-12-06,11679000.0,11700000.0,157934000.0,-123656000.0,34278000.0,-22942000.0,-22318000.0,,-624000.0,11336000.0,-128000.0,-327000.0,11208000,,11208000,-4006000.0,7202000,,7202000,7202000,HOFT,2017-10-31
985052,USD,2017,Q4,2018-04-13,2019-04-19,11745000.0,11781000.0,175518000.0,-136239000.0,39279000.0,-24326000.0,-23533000.0,,-793000.0,14953000.0,519000.0,-388000.0,15472000,,15472000,-6948000.0,8524000,,8524000,8524000,HOFT,2018-01-31
985052,USD,2018,Q1,2018-06-08,2019-06-14,11750000.0,11773000.0,142892000.0,-110926000.0,31966000.0,-22586000.0,-21990000.0,,-596000.0,9380000.0,-377000.0,-382000.0,9003000,,9003000,-1849000.0,7154000,,7154000,7154000,HOFT,2018-04-30
985052,USD,2018,Q2,2018-09-06,2019-09-12,11760000.0,11784000.0,168661000.0,-133016000.0,35645000.0,-23780000.0,-23184000.0,,-596000.0,11865000.0,-291000.0,-364000.0,11574000,,11574000,-2881000.0,8693000,,8693000,8693000,HOFT,2018-07-31
985052,USD,2018,Q3,2018-12-06,2019-12-13,11763000.0,11778000.0,171474000.0,-135638000.0,35836000.0,-23575000.0,-22979000.0,,-596000.0,12261000.0,-154000.0,-354000.0,12107000,,12107000,-2775000.0,9332000,,9332000,9332000,HOFT,2018-10-31
985052,USD,2018,Q4,2019-04-19,2021-04-16,11763000.0,11797000.0,200474000.0,-156434000.0,44040000.0,-24371000.0,-23775000.0,,-596000.0,19669000.0,-263000.0,-354000.0,19406000,-500000.0,18906000,-4212000.0,14694000,,14694000,14694000,HOFT,2019-01-31
985052,USD,2019,Q1,2019-06-14,2019-06-14,11769000.0,11805000.0,135518000.0,-110001000.0,25517000.0,-22612000.0,-22016000.0,,-596000.0,2905000.0,-403000.0,-341000.0,2502000,,2502000,-515000.0,1987000,,1987000,1987000,HOFT,2019-04-30
985052,USD,2019,Q2,2019-09-12,2019-09-12,11787000.0,11810000.0,152248000.0,-123422000.0,28826000.0,-23058000.0,-22462000.0,,-596000.0,5768000.0,-360000.0,-328000.0,5408000,,5408000,-1248000.0,4160000,,4160000,4160000,HOFT,2019-07-31
985052,USD,2019,Q3,2019-12-13,2019-12-13,11789000.0,11816000.0,158176000.0,-129777000.0,28399000.0,-23406000.0,-22810000.0,,-596000.0,4993000.0,-7000.0,-316000.0,4986000,,4986000,-1066000.0,3920000,,3920000,3920000,HOFT,2019-10-31
985052,USD,2019,Q4,2020-04-17,2020-04-17,11791000.0,11921000.0,164882000.0,-133666000.0,31216000.0,-22175000.0,-21579000.0,,-596000.0,9041000.0,-10000.0,-253000.0,9031000,,9031000,-2015000.0,7016000,,7016000,7016000,HOFT,2020-01-31
