SimFinId,Currency,Fiscal Year,Fiscal Period,Publish Date,Restated Date,Shares (Basic),Shares (Diluted),Revenue,Cost of Revenue,Gross Profit,Operating Expenses,"Selling, General & Administrative",Research & Development,Depreciation & Amortization,Operating Income (Loss),Non-Operating Income (Loss),"Interest Expense, Net","Pretax Income (Loss), Adj.",Abnormal Gains (Losses),Pretax Income (Loss),"Income Tax (Expense) Benefit, Net",Income (Loss) from Continuing Operations,Net Extraordinary Gains (Losses),Net Income,Net Income (Common),Ticker,Report_Date
378170,USD,2009,Q3,2009-10-30,2010-11-02,417200000.0,423600000.0,705800000.0,-422400000.0,283400000.0,-130800000.0,-67800000.0,,,152600000.0,-3200000.0,-15200000.0,149400000,-1000000.0,148400000,-43700000.0,104700000,,105200000,105200000,IVZ,2009-09-30
378170,USD,2009,Q4,2010-02-26,2012-10-30,417200000.0,423600000.0,747800000.0,-486100000.0,261700000.0,-91400000.0,-36600000.0,,,170300000.0,21900000.0,-13100000.0,192200000,-9800000.0,182400000,-48200000.0,134200000,,110900000,110900000,IVZ,2009-12-31
378170,USD,2010,Q1,2010-05-04,2011-04-29,417200000.0,423600000.0,719100000.0,-433200000.0,285900000.0,-131800000.0,-78300000.0,,,154100000.0,127700000.0,20900000.0,281800000,-17200000.0,264600000,-50100000.0,214500000,,95000000,95000000,IVZ,2010-03-31
378170,USD,2010,Q2,2010-08-02,2011-07-29,417200000.0,423600000.0,787000000.0,-498800000.0,288200000.0,-137500000.0,-81700000.0,,,150700000.0,203500000.0,15200000.0,354200000,-79300000.0,274900000,-36700000.0,238200000,,40800000,40800000,IVZ,2010-06-30
378170,USD,2010,Q3,2010-11-02,2011-10-28,460400000.0,463200000.0,953100000.0,-595800000.0,357300000.0,-147600000.0,-84100000.0,,,209700000.0,-101000000.0,22000000.0,108700000,-26800000.0,81900000,-54500000.0,27400000,,154700000,154700000,IVZ,2010-09-30
378170,USD,2010,Q4,2011-02-25,2013-02-22,460400000.0,463200000.0,1028500000.0,-640900000.0,387600000.0,-162200000.0,-96600000.0,,,225400000.0,13700000.0,16000000.0,239100000,-26700000.0,212400000,-55700000.0,156700000,,175200000,175200000,IVZ,2010-12-31
378170,USD,2011,Q1,2011-04-29,2012-05-02,460400000.0,463200000.0,1027300000.0,-630400000.0,396900000.0,-163300000.0,-99300000.0,,,233600000.0,-50800000.0,20100000.0,182800000,-7900000.0,174900000,-75600000.0,99300000,,177500000,177500000,IVZ,2011-03-31
378170,USD,2011,Q2,2011-07-29,2012-10-31,460400000.0,463200000.0,1070000000.0,-660100000.0,409900000.0,-165600000.0,-103700000.0,,,244300000.0,-28200000.0,19700000.0,216100000,-11300000.0,204800000,-75400000.0,129400000,,183000000,183000000,IVZ,2011-06-30
378170,USD,2011,Q3,2011-10-28,2012-11-01,462900000.0,464700000.0,997800000.0,-619900000.0,377900000.0,-145400000.0,-82700000.0,,,232500000.0,-85300000.0,19400000.0,147200000,-4700000.0,142500000,-59100000.0,83400000,,166900000,166900000,IVZ,2011-09-30
378170,USD,2011,Q4,2012-10-30,2014-02-21,462900000.0,464700000.0,887200000.0,-549700000.0,337500000.0,-136400000.0,-82100000.0,,,201100000.0,174300000.0,10200000.0,375400000,-5500000.0,369900000,-69900000.0,300000000,9900000.0,202300000,202300000,IVZ,2011-12-31
378170,USD,2012,Q1,2012-05-02,2013-04-30,454200000.0,455900000.0,1033700000.0,-635600000.0,398100000.0,-166800000.0,-100000000.0,,,231300000.0,-81400000.0,12200000.0,149900000,-1500000.0,148400000,-73600000.0,74800000,,193900000,193900000,IVZ,2012-03-31
378170,USD,2012,Q2,2012-10-31,2013-07-31,453800000.0,455300000.0,981800000.0,-603900000.0,377900000.0,-177000000.0,-111700000.0,,,200900000.0,87000000.0,10600000.0,287900000,-1100000.0,286800000,-61200000.0,225600000,2000000.0,153900000,153900000,IVZ,2012-06-30
378170,USD,2012,Q3,2012-11-02,2013-11-06,451300000.0,452800000.0,1013900000.0,-641400000.0,372500000.0,-158600000.0,-92500000.0,,,213900000.0,15100000.0,16700000.0,229000000,-3000000.0,226000000,-72300000.0,153700000,3200000.0,170600000,170600000,IVZ,2012-09-30
378170,USD,2012,Q4,2013-02-22,2015-02-20,449900000.0,451400000.0,1021000000.0,-655300000.0,365700000.0,-161000000.0,-94100000.0,,,204700000.0,-32700000.0,8200000.0,172000000,-2600000.0,169400000,-54300000.0,115100000,12900000.0,158700000,158700000,IVZ,2012-12-31
378170,USD,2013,Q1,2013-04-30,2014-05-01,447800000.0,449000000.0,1112200000.0,-687600000.0,424600000.0,-156200000.0,-89700000.0,,,268400000.0,14800000.0,10100000.0,283200000,-1400000.0,281800000,-86300000.0,195500000,4100000.0,222200000,222200000,IVZ,2013-03-31
378170,USD,2013,Q2,2013-07-31,2014-07-31,449100000.0,450100000.0,1135500000.0,-690100000.0,445400000.0,-169700000.0,-101100000.0,,,275700000.0,17900000.0,12200000.0,293600000,-1800000.0,291800000,-83500000.0,208300000,-4600000.0,202600000,202600000,IVZ,2013-06-30
378170,USD,2013,Q3,2013-11-06,2014-10-30,447900000.0,448800000.0,1171800000.0,-711200000.0,460600000.0,-174600000.0,-102700000.0,,,286000000.0,57000000.0,5800000.0,343000000,0.0,343000000,-92900000.0,250100000,-1400000.0,228100000,228100000,IVZ,2013-09-30
378170,USD,2013,Q4,2014-02-21,2016-02-19,445200000.0,446100000.0,1225100000.0,-729600000.0,495500000.0,-202200000.0,-116400000.0,,,293300000.0,45300000.0,4000000.0,338600000,0.0,338600000,-74200000.0,264400000,66400000.0,287400000,287400000,IVZ,2013-12-31
378170,USD,2014,Q1,2014-05-01,2015-04-30,436800000.0,437400000.0,1269500000.0,-767500000.0,502000000.0,-257700000.0,-145000000.0,,,244300000.0,53500000.0,2200000.0,297800000,,297800000,-89000000.0,208800000,-2000000.0,187800000,187800000,IVZ,2014-03-31
378170,USD,2014,Q2,2014-07-31,2015-07-30,435700000.0,436400000.0,1289900000.0,-753500000.0,536400000.0,-181600000.0,-106300000.0,,,354800000.0,68800000.0,2600000.0,423600000,,423600000,-107000000.0,316600000,200000.0,274500000,274500000,IVZ,2014-06-30
378170,USD,2014,Q3,2014-10-30,2015-10-29,434300000.0,434800000.0,1311000000.0,-764000000.0,547000000.0,-217400000.0,-141000000.0,,,329600000.0,17300000.0,400000.0,346900000,,346900000,-94900000.0,252000000,-600000.0,255800000,255800000,IVZ,2014-09-30
378170,USD,2014,Q4,2015-02-20,2017-02-23,433200000.0,433800000.0,1276700000.0,-740200000.0,536500000.0,-188300000.0,-116300000.0,,,348200000.0,-21400000.0,-65200000.0,326800000,,326800000,-99700000.0,227100000,-1000000.0,270000000,270000000,IVZ,2014-12-31
378170,USD,2015,Q1,2015-04-30,2016-04-28,432200000.0,432500000.0,1291600000.0,-760000000.0,531600000.0,-193500000.0,-116600000.0,,,338100000.0,47200000.0,-16200000.0,385300000,,385300000,-101300000.0,284000000,,259600000,259600000,IVZ,2015-03-31
378170,USD,2015,Q2,2015-07-30,2016-07-28,431900000.0,432200000.0,1318100000.0,-760500000.0,557600000.0,-193600000.0,-118800000.0,,,364000000.0,-10600000.0,-17000000.0,353400000,,353400000,-109400000.0,244000000,,257300000,257300000,IVZ,2015-06-30
378170,USD,2015,Q3,2015-10-29,2016-10-27,428800000.0,429100000.0,1273500000.0,-729900000.0,543600000.0,-190900000.0,-111900000.0,,,352700000.0,-11000000.0,-18000000.0,341700000,,341700000,-100400000.0,241300000,,249300000,249300000,IVZ,2015-09-30
378170,USD,2015,Q4,2016-02-19,2017-02-23,422700000.0,423400000.0,1239700000.0,-725000000.0,514700000.0,-211100000.0,-129800000.0,,,303600000.0,-21900000.0,-17500000.0,281700000,,281700000,-86900000.0,194800000,0.0,201900000,201900000,IVZ,2015-12-31
378170,USD,2016,Q1,2016-04-28,2017-04-27,418700000.0,418900000.0,1148700000.0,-691600000.0,457100000.0,-182700000.0,-102800000.0,,,274400000.0,-44700000.0,-20300000.0,229700000,,229700000,-71900000.0,157800000,,161000000,161000000,IVZ,2016-03-31
378170,USD,2016,Q2,2016-07-28,2017-07-27,418900000.0,419100000.0,1189400000.0,-698700000.0,490700000.0,-189200000.0,-106900000.0,,,301500000.0,18700000.0,-19600000.0,320200000,,320200000,-83700000.0,236500000,,225500000,225500000,IVZ,2016-06-30
378170,USD,2016,Q3,2016-10-27,2017-10-26,412600000.0,412900000.0,1201600000.0,-707200000.0,494400000.0,-188100000.0,-109900000.0,,,306300000.0,39400000.0,-21300000.0,345700000,,345700000,-89800000.0,255900000,,241200000,241200000,IVZ,2016-09-30
378170,USD,2016,Q4,2017-02-23,2017-02-23,408600000.0,409100000.0,1194700000.0,-688500000.0,506200000.0,-212000000.0,-126700000.0,,,294200000.0,16800000.0,-20000000.0,311000000,,311000000,-92900000.0,218100000,0.0,226500000,226500000,IVZ,2016-12-31
378170,USD,2017,Q1,2017-04-27,2017-04-27,407700000.0,408000000.0,1192600000.0,-746100000.0,446500000.0,-187900000.0,-102400000.0,,,258600000.0,31300000.0,-21100000.0,289900000,,289900000,-75700000.0,214200000,,212000000,212000000,IVZ,2017-03-31
378170,USD,2017,Q2,2017-07-27,2017-07-27,409900000.0,410300000.0,1254400000.0,-731500000.0,522900000.0,-204000000.0,-115000000.0,,,318900000.0,23300000.0,-22000000.0,342200000,,342200000,-92600000.0,249600000,,239600000,239600000,IVZ,2017-06-30
378170,USD,2017,Q3,2017-10-26,2017-10-26,410000000.0,410500000.0,1337700000.0,-773500000.0,564200000.0,-208900000.0,-116100000.0,,,355300000.0,42400000.0,-21100000.0,397700000,,397700000,-123100000.0,274600000,,267500000,267500000,IVZ,2017-09-30
378170,USD,2017,Q4,2018-02-23,2018-02-23,410000000.0,410800000.0,1375600000.0,-772800000.0,602800000.0,-258500000.0,-155700000.0,,,344300000.0,55100000.0,-17200000.0,399400000,,399400000,23200000.0,422600000,,408200000,408200000,IVZ,2017-12-31
378170,USD,2018,Q1,2018-04-26,2018-04-26,411300000.0,411800000.0,1355800000.0,-809500000.0,546300000.0,-225200000.0,-123000000.0,,,321100000.0,12500000.0,-19000000.0,333600000,,333600000,-68400000.0,265200000,,253900000,253900000,IVZ,2018-03-31
378170,USD,2018,Q2,2018-07-26,2018-07-26,413900000.0,414100000.0,1360600000.0,-790000000.0,570600000.0,-239300000.0,-137600000.0,,,331300000.0,-17100000.0,-26700000.0,314200000,,314200000,-72300000.0,241900000,,245100000,245100000,IVZ,2018-06-30
378170,USD,2018,Q3,2018-10-24,2018-10-24,414300000.0,414400000.0,1341800000.0,-793500000.0,548300000.0,-226200000.0,-121400000.0,,,322100000.0,20200000.0,-25600000.0,342300000,,342300000,-61100000.0,281200000,,269600000,269600000,IVZ,2018-09-30
378170,USD,2018,Q4,2019-02-22,2019-02-22,410100000.0,409700000.0,1255900000.0,-709600000.0,546300000.0,-179000000.0,-77200000.0,,,367300000.0,-82400000.0,-18900000.0,284900000,-136900000.0,148000000,-53200000.0,94800000,,114200000,114200000,IVZ,2018-12-31
378170,USD,2019,Q1,2019-04-25,2019-04-25,401600000.0,401900000.0,1214600000.0,-749300000.0,465300000.0,-219000000.0,-111800000.0,,,246300000.0,56600000.0,-28400000.0,302900000,-46100000.0,256800000,-66200000.0,190600000,,177700000,177700000,IVZ,2019-03-31
378170,USD,2019,Q2,2019-07-25,2019-07-25,431600000.0,433800000.0,1439400000.0,-873700000.0,565700000.0,-242500000.0,-127600000.0,,,323200000.0,58200000.0,-29100000.0,381400000,-304900000.0,76500000,-14500000.0,62000000,,40100000,40100000,IVZ,2019-06-30
378170,USD,2019,Q3,2019-10-23,2019-10-23,462800000.0,466900000.0,1720600000.0,-991100000.0,729500000.0,-268900000.0,-137700000.0,,,460600000.0,41500000.0,-29100000.0,502100000,-185500000.0,316600000,-74000000.0,242600000,,231500000,167100000,IVZ,2019-09-30
378170,USD,2019,Q4,2020-03-02,2020-03-02,455200000.0,459400000.0,1742800000.0,-988200000.0,754600000.0,-303500000.0,-162700000.0,,,451100000.0,8400000.0,-20600000.0,459500000,-136500000.0,323000000,-80400000.0,242600000,,239000000,179800000,IVZ,2019-12-31
378170,USD,2020,Q1,2020-04-23,2021-04-30,455700000.0,458900000.0,1598900000.0,-937000000.0,661900000.0,-285300000.0,-139000000.0,,-15900000.0,376600000.0,-139600000.0,-29900000.0,237000000,-59600000.0,177400000,-57400000.0,120000000,,140700000,81500000,IVZ,2020-03-31
