SimFinId,Currency,Fiscal Year,Fiscal Period,Publish Date,Restated Date,Shares (Basic),Shares (Diluted),Revenue,Cost of Revenue,Gross Profit,Operating Expenses,"Selling, General & Administrative",Research & Development,Depreciation & Amortization,Operating Income (Loss),Non-Operating Income (Loss),"Interest Expense, Net","Pretax Income (Loss), Adj.",Abnormal Gains (Losses),Pretax Income (Loss),"Income Tax (Expense) Benefit, Net",Income (Loss) from Continuing Operations,Net Extraordinary Gains (Losses),Net Income,Net Income (Common),Ticker,Report_Date
71079,USD,2009,Q3,2009-10-21,2010-10-26,288917000.0,291037000.0,1120518000.0,-93486000.0,1027032000.0,-642854000.0,-226755000.0,-304055000.0,-51347000.0,384178000.0,9360000.0,,393538000,,393538000,-113936000.0,279602000,,277663000,277663000,BIIB,2009-09-30
71079,USD,2009,Q4,2010-02-09,2012-02-03,284189000.0,286764000.0,1127057000.0,-99700000.0,1027357000.0,-643980000.0,-241620000.0,-283082000.0,-55982000.0,383377000.0,6366000.0,,389743000,,389743000,-83747000.0,305996000,,305637000,305637000,BIIB,2009-12-31
71079,USD,2010,Q1,2010-04-20,2011-04-21,269922000.0,272703000.0,1108860000.0,-97055000.0,1011805000.0,-668140000.0,-248664000.0,-307030000.0,-48889000.0,343665000.0,-8386000.0,,335279000,-39976000.0,295303000,-75310000.0,219993000,,217442000,217442000,BIIB,2010-03-31
71079,USD,2010,Q2,2010-07-20,2011-07-26,259938000.0,261658000.0,1212702000.0,-106985000.0,1105717000.0,-709837000.0,-262322000.0,-331675000.0,-53148000.0,395880000.0,1012000.0,,396892000,,396892000,-102243000.0,294649000,,293438000,293438000,BIIB,2010-06-30
71079,USD,2010,Q3,2010-10-26,2011-10-28,239864000.0,242313000.0,1175789000.0,-95918000.0,1079871000.0,-680736000.0,-244160000.0,-319054000.0,-53531000.0,399135000.0,-6945000.0,,392190000,-205000000.0,187190000,-75011000.0,112179000,,254115000,254115000,BIIB,2010-09-30
71079,USD,2010,Q4,2011-02-04,2013-02-05,239504000.0,242794000.0,1219072000.0,-100304000.0,1118768000.0,-688430000.0,-276394000.0,-290845000.0,-53360000.0,430338000.0,-4664000.0,,425674000,-75153000.0,350521000,-78769000.0,271752000,,240278000,240278000,BIIB,2010-12-31
71079,USD,2011,Q1,2011-04-21,2012-05-01,241536000.0,244551000.0,1203342000.0,-103113000.0,1100229000.0,-666159000.0,-244516000.0,-293633000.0,-53216000.0,434070000.0,9951000.0,,444021000,-17787000.0,426234000,-117468000.0,308766000,,294331000,294331000,BIIB,2011-03-31
71079,USD,2011,Q2,2011-07-26,2012-07-24,242375000.0,244966000.0,1208647000.0,-100503000.0,1108144000.0,-695131000.0,-266301000.0,-285644000.0,-55136000.0,413013000.0,-11728000.0,,401285000,-2200000.0,399085000,-95036000.0,304049000,,288034000,288034000,BIIB,2011-06-30
71079,USD,2011,Q3,2011-10-28,2012-10-25,242883000.0,245366000.0,1309934000.0,-123527000.0,1186407000.0,-693611000.0,-261398000.0,-301391000.0,-49347000.0,492796000.0,-7727000.0,,485069000,-4303000.0,480766000,-127104000.0,353662000,,351826000,351826000,BIIB,2011-09-30
71079,USD,2011,Q4,2012-02-03,2014-02-06,242786000.0,245249000.0,1326711000.0,-139637000.0,1187074000.0,-747171000.0,-283918000.0,-338934000.0,-50867000.0,439903000.0,-3973000.0,,435930000,-30801000.0,405129000,-104920000.0,300209000,,300237000,300237000,BIIB,2011-12-31
71079,USD,2012,Q1,2012-05-01,2013-04-25,239754000.0,241828000.0,1292014000.0,-133197000.0,1158817000.0,-787906000.0,-300089000.0,-355962000.0,-45961000.0,370911000.0,15144000.0,,386055000,-1541000.0,384514000,-82148000.0,302366000,,302661000,302661000,BIIB,2012-03-31
71079,USD,2012,Q2,2012-07-24,2013-07-25,238988000.0,240622000.0,1420951000.0,-139112000.0,1281839000.0,-762119000.0,-301767000.0,-329559000.0,-52282000.0,519720000.0,2950000.0,,522670000,-13997000.0,508673000,-121021000.0,387141000,,386846000,386846000,BIIB,2012-06-30
71079,USD,2012,Q3,2012-10-25,2013-10-28,236474000.0,238125000.0,1385554000.0,-139358000.0,1246196000.0,-732406000.0,-299631000.0,-304217000.0,-53013000.0,513790000.0,-4548000.0,,509242000,21460000.0,530702000,-131044000.0,398400000,,398400000,398400000,BIIB,2012-09-30
71079,USD,2012,Q4,2013-02-05,2015-02-04,236536000.0,238385000.0,1417942000.0,-133827000.0,1284115000.0,-850052000.0,-375978000.0,-345181000.0,-50948000.0,434063000.0,-14290000.0,,419773000,11443000.0,431216000,-136341000.0,292126000,,292126000,292126000,BIIB,2012-12-31
71079,USD,2013,Q1,2013-04-25,2014-04-23,236837000.0,238304000.0,1415096000.0,-133749000.0,1281347000.0,-773596000.0,-352598000.0,-284340000.0,-51301000.0,507751000.0,-14457000.0,,493294000,2774000.0,496068000,-65508000.0,426749000,,426749000,426749000,BIIB,2013-03-31
71079,USD,2013,Q2,2013-07-25,2014-07-23,237484000.0,238743000.0,1723473000.0,-230728000.0,1492745000.0,-840700000.0,-431012000.0,-327463000.0,-82225000.0,652045000.0,-10428000.0,,641617000,10482000.0,652099000,-159140000.0,490670000,,490670000,490670000,BIIB,2013-06-30
71079,USD,2013,Q3,2013-10-28,2014-10-22,237070000.0,238349000.0,1827780000.0,-234696000.0,1593084000.0,-915599000.0,-405584000.0,-410017000.0,-99998000.0,677485000.0,-4640000.0,,672845000,7046000.0,679891000,-186105000.0,487616000,,487616000,487616000,BIIB,2013-09-30
71079,USD,2013,Q4,2014-02-06,2016-02-03,236209000.0,237804000.0,1965851000.0,-258527000.0,1707324000.0,-1054605000.0,-522906000.0,-422280000.0,-109376000.0,652719000.0,-5375000.0,,647344000,5098000.0,652442000,-190247000.0,457265000,,457265000,457265000,BIIB,2013-12-31
71079,USD,2014,Q1,2014-04-23,2015-04-24,236800000.0,237800000.0,2129751000.0,-279245000.0,1850506000.0,-1183816000.0,-511674000.0,-528884000.0,-143258000.0,666690000.0,-5601000.0,,661089000,4658000.0,665747000,-178414000.0,479728000,,479956000,479956000,BIIB,2014-03-31
71079,USD,2014,Q2,2014-07-23,2015-07-24,236700000.0,237400000.0,2421452000.0,-291887000.0,2129565000.0,-1140721000.0,-576622000.0,-447273000.0,-116826000.0,988844000.0,4861000.0,,993705000,-119000.0,993586000,-268521000.0,723132000,,714506000,714506000,BIIB,2014-06-30
71079,USD,2014,Q3,2014-10-22,2015-10-21,236200000.0,237000000.0,2511446000.0,-302639000.0,2208807000.0,-1110041000.0,-570436000.0,-417174000.0,-122431000.0,1098766000.0,-16290000.0,,1082476000,53812000.0,1136288000,-274774000.0,856120000,,856858000,856858000,BIIB,2014-09-30
71079,USD,2014,Q4,2015-02-04,2017-02-02,235900000.0,236600000.0,2640651000.0,-297229000.0,2343422000.0,-1180922000.0,-573568000.0,-500069000.0,-107285000.0,1162500000.0,-8770000.0,,1153730000,-2651000.0,1151079000,-268191000.0,882720000,,883580000,883580000,BIIB,2014-12-31
71079,USD,2015,Q1,2015-04-24,2016-04-21,235000000.0,235600000.0,2554900000.0,-312400000.0,2242500000.0,-1116800000.0,-560400000.0,-460500000.0,-95900000.0,1125700000.0,-15000000.0,,1110700000,-7800000.0,1102900000,-281900000.0,820200000,,822600000,822600000,BIIB,2015-03-31
71079,USD,2015,Q2,2015-07-24,2016-07-21,235300000.0,235700000.0,2591700000.0,-286100000.0,2305600000.0,-1074600000.0,-491900000.0,-490700000.0,-92000000.0,1231000000.0,-10900000.0,,1220100000,2200000.0,1222300000,-292500000.0,924900000,,927400000,927400000,BIIB,2015-06-30
71079,USD,2015,Q3,2015-10-21,2016-10-26,232200000.0,232600000.0,2777900000.0,-310000000.0,2467900000.0,-1095800000.0,-477800000.0,-519900000.0,-98100000.0,1372100000.0,-15400000.0,,1356700000,-200000.0,1356500000,-330100000.0,1019600000,,965700000,965700000,BIIB,2015-09-30
71079,USD,2015,Q4,2016-02-03,2018-02-01,220300000.0,220900000.0,2839300000.0,-331900000.0,2507400000.0,-1221300000.0,-583000000.0,-541700000.0,-96600000.0,1286100000.0,-82400000.0,,1203700000,-118100000.0,1085600000,-257100000.0,828500000,,831300000,831300000,BIIB,2015-12-31
71079,USD,2016,Q1,2016-04-21,2017-04-25,218900000.0,219300000.0,2726800000.0,-313000000.0,2413800000.0,-1023400000.0,-497300000.0,-437300000.0,-88800000.0,1390400000.0,-52800000.0,,1337600000,-12000000.0,1325600000,-356400000.0,969200000,,970900000,970900000,BIIB,2016-03-31
71079,USD,2016,Q2,2016-07-21,2017-07-25,219100000.0,219400000.0,2894200000.0,-370300000.0,2523900000.0,-1052800000.0,-492400000.0,-473100000.0,-92900000.0,1471100000.0,-58500000.0,,1412600000,-10600000.0,1402000000,-353600000.0,1048400000,,1049800000,1049800000,BIIB,2016-06-30
71079,USD,2016,Q3,2016-10-26,2017-10-24,218900000.0,219400000.0,2955800000.0,-416900000.0,2538900000.0,-1096100000.0,-462700000.0,-529000000.0,-99700000.0,1442800000.0,-58100000.0,,1384700000,-17500000.0,1367200000,-337000000.0,1030200000,,1032900000,1032900000,BIIB,2016-09-30
71079,USD,2016,Q4,2017-02-02,2018-02-01,216700000.0,217100000.0,2872000000.0,-378500000.0,2493500000.0,-1144700000.0,-495500000.0,-533900000.0,-104200000.0,1348800000.0,-48000000.0,,1300800000,-462600000.0,838200000,-190300000.0,647900000,,649200000,649200000,BIIB,2016-12-31
71079,USD,2017,Q1,2017-04-25,2018-04-24,215600000.0,215900000.0,2810700000.0,-384600000.0,2426100000.0,-1391400000.0,-498700000.0,-423400000.0,-448500000.0,1034700000.0,-38000000.0,,996700000,-10000000.0,986700000,-239200000.0,747500000,,747600000,747600000,BIIB,2017-03-31
71079,USD,2017,Q2,2017-07-25,2018-07-24,211900000.0,212200000.0,3078400000.0,-366200000.0,2712200000.0,-1370000000.0,-429800000.0,-796200000.0,-117500000.0,1342200000.0,-68600000.0,,1273600000,-141200000.0,1132400000,-269600000.0,862800000,,862800000,862800000,BIIB,2017-06-30
71079,USD,2017,Q3,2017-10-24,2017-10-24,211400000.0,211800000.0,3077800000.0,-370000000.0,2707800000.0,-1024300000.0,-433800000.0,-446400000.0,-108900000.0,1683500000.0,-43600000.0,,1639900000,-30000000.0,1609900000,-383800000.0,1226100000,,1226100000,1226100000,BIIB,2017-09-30
71079,USD,2017,Q4,2018-02-01,2018-02-01,211500000.0,212100000.0,3307000000.0,-509200000.0,2797800000.0,-1330400000.0,-573200000.0,-587600000.0,-139800000.0,1467400000.0,-65200000.0,,1402200000,-2400000.0,1399800000,-1566100000.0,-166300000,,-297400000,-297400000,BIIB,2017-12-31
71079,USD,2018,Q1,2018-04-24,2018-04-24,211400000.0,211700000.0,3131100000.0,-446000000.0,2685100000.0,-1144400000.0,-501300000.0,-496700000.0,-103900000.0,1540700000.0,-41000000.0,,1499700000,-6000000.0,1493700000,-322500000.0,1171200000,,1172900000,1172900000,BIIB,2018-03-31
71079,USD,2018,Q2,2018-07-24,2018-07-24,207100000.0,207300000.0,3356500000.0,-421000000.0,2935500000.0,-1643800000.0,-516200000.0,-981000000.0,-107400000.0,1291700000.0,-34500000.0,,1257200000,-78500000.0,1178700000,-263700000.0,915000000,,866600000,866600000,BIIB,2018-06-30
71079,USD,2018,Q3,2018-10-23,2018-10-23,201400000.0,201900000.0,3439000000.0,-460800000.0,2978200000.0,-1335000000.0,-497700000.0,-507900000.0,-281900000.0,1643200000.0,115100000.0,,1758300000,54400000.0,1812700000,-369800000.0,1442900000,,1444400000,1444400000,BIIB,2018-09-30
71079,USD,2018,Q4,2019-02-06,2019-02-06,199700000.0,200300000.0,3526300000.0,-488500000.0,3037800000.0,-1327600000.0,-591100000.0,-611600000.0,-254100000.0,1710200000.0,-28600000.0,,1681600000,-267100000.0,1414500000,-469600000.0,944900000,,946800000,946800000,BIIB,2018-12-31
71079,USD,2019,Q1,2019-04-24,2019-04-24,196600000.0,197000000.0,3489800000.0,-602000000.0,2887800000.0,-1257700000.0,-567700000.0,-563700000.0,-68200000.0,1630100000.0,357300000.0,,1987400000,-127400000.0,1860000000,-422500000.0,1408800000,,1408800000,1408800000,BIIB,2019-03-31
71079,USD,2019,Q2,2019-07-24,2019-07-24,190300000.0,190400000.0,3616700000.0,-476300000.0,3140400000.0,-1206000000.0,-587600000.0,-484800000.0,-70100000.0,1934400000.0,-197400000.0,,1737000000,21500000.0,1758500000,-248100000.0,1494100000,,1494100000,1494100000,BIIB,2019-06-30
71079,USD,2019,Q3,2019-10-22,2019-10-22,184000000.0,184200000.0,3600100000.0,-430000000.0,3170100000.0,-1439000000.0,-554500000.0,-540400000.0,-283900000.0,1731100000.0,-27300000.0,,1703800000,75200000.0,1779000000,-211300000.0,1545900000,,1545900000,1545900000,BIIB,2019-09-30
71079,USD,2019,Q4,2020-02-06,2020-02-06,177500000.0,178000000.0,3671300000.0,-447100000.0,3224200000.0,-1242500000.0,-664900000.0,-691700000.0,-67700000.0,1981700000.0,-49300000.0,,1932400000,-204000000.0,1728400000,-276100000.0,1439700000,,1439700000,1439700000,BIIB,2019-12-31
71079,USD,2020,Q1,2020-04-23,2021-04-22,172800000.0,173100000.0,3534300000.0,-454300000.0,3080000000.0,-1189700000.0,-570100000.0,-476300000.0,-71500000.0,1890300000.0,-120500000.0,,1769800000,-70400000.0,1699400000,-292000000.0,1392600000,,1399100000,1399100000,BIIB,2020-03-31
