SimFinId,Currency,Fiscal Year,Fiscal Period,Publish Date,Restated Date,Shares (Basic),Shares (Diluted),Revenue,Cost of Revenue,Gross Profit,Operating Expenses,"Selling, General & Administrative",Research & Development,Depreciation & Amortization,Operating Income (Loss),Non-Operating Income (Loss),"Interest Expense, Net","Pretax Income (Loss), Adj.",Abnormal Gains (Losses),Pretax Income (Loss),"Income Tax (Expense) Benefit, Net",Income (Loss) from Continuing Operations,Net Extraordinary Gains (Losses),Net Income,Net Income (Common),Ticker,Report_Date
241725,USD,2011,Q4,2012-03-13,2012-07-18,3866786.0,3866786.0,1544000.0,-993000.0,551000.0,-3382000.0,-2498000.0,-884000.0,,-2831000.0,-1000.0,,-2832000,101000.0,-2731000,-11000.0,-2742000,,-2742000,-2742000,CSBR,2011-04-30
241725,USD,2012,Q1,2011-09-13,2012-09-12,3866786.0,3866786.0,1634000.0,-902000.0,732000.0,-2946000.0,-2405000.0,-541000.0,,-2214000.0,0.0,,-2214000,177000.0,-2037000,0.0,-2037000,,-2037000,-2037000,CSBR,2011-07-31
241725,USD,2012,Q2,2011-12-14,2012-12-13,3897607.0,3897607.0,1741000.0,-1081000.0,660000.0,-3129000.0,-2121000.0,-1008000.0,,-2469000.0,10000.0,,-2459000,110000.0,-2349000,0.0,-2349000,,-2349000,-2349000,CSBR,2011-10-31
241725,USD,2012,Q3,2012-03-14,2013-03-13,3893275.0,3893275.0,2396000.0,-1329000.0,1067000.0,-2840000.0,-1910000.0,-930000.0,,-1773000.0,-12000.0,,-1785000,66000.0,-1719000,0.0,-1719000,,-1719000,-1719000,CSBR,2012-01-31
241725,USD,2012,Q4,2012-07-18,2013-07-26,3941090.0,3941090.0,1378000.0,-1587000.0,-209000.0,-2400000.0,-1942000.0,-458000.0,,-2609000.0,-13000.0,,-2622000,64000.0,-2558000,2000.0,-2556000,,-2556000,-2556000,CSBR,2012-04-30
241725,USD,2013,Q1,2012-09-12,2013-09-13,3920681.0,3920681.0,2106000.0,-1471000.0,635000.0,-2234000.0,-1847000.0,-387000.0,,-1599000.0,-6000.0,,-1605000,285000.0,-1320000,-3000.0,-1323000,,-1323000,-1323000,CSBR,2012-07-31
241725,USD,2013,Q2,2012-12-13,2013-12-13,3921681.0,3921681.0,1458000.0,-1057000.0,401000.0,-2317000.0,-1881000.0,-436000.0,,-1916000.0,-5000.0,,-1921000,-52000.0,-1973000,-1000.0,-1974000,,-1974000,-1974000,CSBR,2012-10-31
241725,USD,2013,Q3,2013-03-13,2014-03-14,3976492.0,3976492.0,2917000.0,-1242000.0,1675000.0,-2395000.0,-1803000.0,-592000.0,,-720000.0,-10000.0,,-730000,-255000.0,-985000,-5000.0,-990000,,-990000,-990000,CSBR,2013-01-31
241725,USD,2013,Q4,2013-07-26,2014-07-28,5523129.0,5523129.0,1842000.0,-1558000.0,284000.0,-2270000.0,-1765000.0,-505000.0,,-1986000.0,-4000.0,,-1990000,-52000.0,-2042000,-1000.0,-2043000,,-2043000,-2043000,CSBR,2013-04-30
241725,USD,2014,Q1,2013-09-13,2014-09-12,5568780.0,5568780.0,3020000.0,-1671000.0,1349000.0,-2115000.0,-1713000.0,-402000.0,,-766000.0,-1000.0,,-767000,-1462000.0,-2229000,-3000.0,-2232000,,-2232000,-2232000,CSBR,2013-07-31
241725,USD,2014,Q2,2013-12-13,2014-12-15,5569700.0,5569700.0,2383000.0,-1430000.0,953000.0,-2654000.0,-1977000.0,-677000.0,,-1701000.0,-29000.0,,-1730000,-585000.0,-2315000,-3000.0,-2318000,,-2318000,-2318000,CSBR,2013-10-31
241725,USD,2014,Q3,2014-03-14,2015-03-17,5570031.0,5570031.0,3690000.0,-1622000.0,2068000.0,-3476000.0,-2941000.0,-535000.0,,-1408000.0,-7000.0,,-1415000,846000.0,-569000,-5000.0,-574000,,-574000,-574000,CSBR,2014-01-31
241725,USD,2014,Q4,2014-07-28,2015-07-29,5570546.0,5570546.0,2457000.0,-1540000.0,917000.0,-3302000.0,-2651000.0,-651000.0,,-2385000.0,-127000.0,,-2512000,236000.0,-2276000,-6000.0,-2282000,,-2282000,-2282000,CSBR,2014-04-30
241725,USD,2015,Q1,2014-09-12,2015-09-11,5573822.0,5819657.0,1912000.0,-1722000.0,190000.0,-3919000.0,-2496000.0,-1423000.0,,-3729000.0,31000.0,,-3698000,155000.0,-3543000,-5000.0,-3548000,,-3548000,-3548000,CSBR,2014-07-31
241725,USD,2015,Q2,2014-12-15,2015-12-15,5573944.0,5654610.0,1882000.0,-1719000.0,163000.0,-3829000.0,-2580000.0,-1249000.0,,-3666000.0,-27000.0,,-3693000,625000.0,-3068000,-10000.0,-3078000,,-3078000,-3078000,CSBR,2014-10-31
241725,USD,2015,Q3,2015-03-17,2016-03-16,5574447.0,5603798.0,1829000.0,-1975000.0,-146000.0,-3273000.0,-2180000.0,-1093000.0,,-3419000.0,-6000.0,,-3425000,621000.0,-2804000,-12000.0,-2816000,,-2816000,-2816000,CSBR,2015-01-31
241725,USD,2015,Q4,2015-07-29,2016-07-29,7219171.0,8619579.0,3240000.0,-2217000.0,1023000.0,-3447000.0,-2367000.0,-1080000.0,,-2424000.0,-168000.0,,-2592000,-1006000.0,-3598000,-100000.0,-3698000,,-3698000,-3698000,CSBR,2015-04-30
241725,USD,2016,Q1,2015-09-11,2016-09-14,8702237.0,8702237.0,2822000.0,-2273000.0,549000.0,-3446000.0,-2346000.0,-1100000.0,,-2897000.0,-10000.0,,-2907000,,-2907000,-6000.0,-2913000,,-2913000,-2913000,CSBR,2015-07-31
241725,USD,2016,Q2,2015-12-15,2016-12-14,8702237.0,8702237.0,2971000.0,-2011000.0,960000.0,-3453000.0,-2534000.0,-919000.0,,-2493000.0,-14000.0,,-2507000,,-2507000,-41000.0,-2548000,,-2548000,-2548000,CSBR,2015-10-31
241725,USD,2016,Q3,2016-03-16,2017-03-17,8702237.0,8702237.0,2552000.0,-2106000.0,446000.0,-2819000.0,-1820000.0,-999000.0,,-2373000.0,-8000.0,,-2381000,,-2381000,-31000.0,-2412000,,-2412000,-2412000,CSBR,2016-01-31
241725,USD,2016,Q4,2016-07-29,2017-07-28,8674085.0,8674085.0,2837000.0,-2296000.0,541000.0,-3094000.0,-1918000.0,-1176000.0,,-2553000.0,-6000.0,,-2559000,,-2559000,-14000.0,-2573000,,-2573000,-2573000,CSBR,2016-04-30
241725,USD,2017,Q1,2016-09-14,2017-09-14,9835279.0,9835279.0,3670000.0,-2523000.0,1147000.0,-3670000.0,-2459000.0,-1211000.0,,-2523000.0,-9000.0,,-2532000,,-2532000,-14000.0,-2546000,,-2546000,-2546000,CSBR,2016-07-31
241725,USD,2017,Q2,2016-12-14,2017-12-15,10967491.0,10967491.0,4457000.0,-2203000.0,2254000.0,-2747000.0,-1739000.0,-1008000.0,,-493000.0,-16000.0,,-509000,,-509000,5000.0,-504000,,-504000,-504000,CSBR,2016-10-31
241725,USD,2017,Q3,2017-03-17,2018-03-19,10967738.0,10967738.0,3565000.0,-2406000.0,1159000.0,-2560000.0,-1562000.0,-998000.0,,-1401000.0,-8000.0,,-1409000,,-1409000,0.0,-1409000,,-1409000,-1409000,CSBR,2017-01-31
241725,USD,2017,Q4,2017-07-28,2018-07-30,10967072.0,10967072.0,3719000.0,-2571000.0,1148000.0,-3540000.0,-2464000.0,-1076000.0,,-2392000.0,-23000.0,,-2415000,,-2415000,-10000.0,-2425000,,-2425000,-2425000,CSBR,2017-04-30
241725,USD,2018,Q1,2017-09-14,2018-09-14,10982159.0,10982159.0,5033000.0,-2642000.0,2391000.0,-3010000.0,-1892000.0,-1118000.0,,-619000.0,-51000.0,,-670000,,-670000,-4000.0,-674000,,-674000,-674000,CSBR,2017-07-31
241725,USD,2018,Q2,2017-12-15,2018-12-17,10988321.0,10988321.0,5203000.0,-2653000.0,2550000.0,-2620000.0,-1505000.0,-1115000.0,,-70000.0,-13000.0,,-83000,,-83000,-11000.0,-94000,,-94000,-94000,CSBR,2017-10-31
241725,USD,2018,Q3,2018-03-19,2019-03-18,10994434.0,10994434.0,5082000.0,-2473000.0,2609000.0,-2676000.0,-1631000.0,-1045000.0,,-67000.0,-7000.0,,-74000,,-74000,-2000.0,-76000,,-76000,-76000,CSBR,2018-01-31
241725,USD,2018,Q4,2018-07-30,2019-07-29,10999506.0,10999506.0,4923000.0,-2785000.0,2138000.0,-2736000.0,-1613000.0,-1123000.0,,-598000.0,-18000.0,,-616000,,-616000,-16000.0,-632000,,-632000,-632000,CSBR,2018-04-30
241725,USD,2019,Q1,2018-09-14,2019-09-16,11012281.0,12618021.0,6225000.0,-3083000.0,3142000.0,-2661000.0,-1573000.0,-1088000.0,,481000.0,-1000.0,,480000,,480000,0.0,480000,,480000,480000,CSBR,2018-07-31
241725,USD,2019,Q2,2018-12-17,2018-12-17,11278312.0,14037090.0,6693000.0,-3451000.0,3242000.0,-2967000.0,-1774000.0,-1193000.0,,275000.0,-7000.0,,268000,,268000,-1000.0,267000,,267000,267000,CSBR,2018-10-31
241725,USD,2019,Q3,2019-03-18,2019-03-18,11508180.0,11508180.0,6430000.0,-3429000.0,3001000.0,-3371000.0,-2102000.0,-1269000.0,,-370000.0,-1000.0,,-371000,,-371000,0.0,-371000,,-371000,-371000,CSBR,2019-01-31
241725,USD,2019,Q4,2019-07-29,2019-07-29,11561963.0,18221177.0,7719000.0,-4302000.0,3417000.0,-3533000.0,-2285000.0,-1248000.0,,-116000.0,-30000.0,,-146000,,-146000,-102000.0,-248000,,-248000,-248000,CSBR,2019-04-30
241725,USD,2020,Q1,2019-09-16,2019-09-16,11619538.0,11619538.0,6737000.0,-3752000.0,2985000.0,-3599000.0,-2296000.0,-1303000.0,,-614000.0,-12000.0,,-626000,,-626000,-15000.0,-641000,,-641000,-641000,CSBR,2019-07-31
241725,USD,2020,Q2,2019-12-16,2019-12-16,11619686.0,12964792.0,7625000.0,-3881000.0,3744000.0,-3453000.0,-2112000.0,-1341000.0,,291000.0,27000.0,,318000,,318000,-11000.0,307000,,307000,307000,CSBR,2019-10-31
241725,USD,2020,Q3,2020-03-16,2020-03-16,11752619.0,13673672.0,9012000.0,-4325000.0,4687000.0,-4254000.0,-2863000.0,-1391000.0,,433000.0,-14000.0,,419000,,419000,-12000.0,407000,,407000,407000,CSBR,2020-01-31
