SimFinId,Currency,Fiscal Year,Fiscal Period,Publish Date,Restated Date,Shares (Basic),Shares (Diluted),Revenue,Cost of Revenue,Gross Profit,Operating Expenses,"Selling, General & Administrative",Research & Development,Depreciation & Amortization,Operating Income (Loss),Non-Operating Income (Loss),"Interest Expense, Net","Pretax Income (Loss), Adj.",Abnormal Gains (Losses),Pretax Income (Loss),"Income Tax (Expense) Benefit, Net",Income (Loss) from Continuing Operations,Net Extraordinary Gains (Losses),Net Income,Net Income (Common),Ticker,Report_Date
749030,USD,2015,Q3,2016-02-08,2017-02-08,77221000.0,77712000.0,618688000.0,-380507000.0,238181000.0,-191653000.0,-177319000.0,-14334000.0,,46528000.0,-17300000.0,-17706000.0,29228000,194000.0,29422000,-8268000.0,21154000,,20045000,20045000,STE,2015-12-31
749030,USD,2015,Q4,2016-05-09,2018-05-30,85906000.0,86368000.0,690277000.0,-426388000.0,263889000.0,-164407000.0,-150097000.0,-14310000.0,,99482000.0,-10847000.0,-11397000.0,88635000,-156000.0,88479000,-30610000.0,57869000,,57740000,57740000,STE,2016-03-31
749030,USD,2016,Q1,2016-08-09,2017-08-08,86038000.0,86519000.0,638378000.0,-398388000.0,239990000.0,-166314000.0,-151886000.0,-14428000.0,,73676000.0,-10578000.0,-11071000.0,63098000,-154000.0,62944000,-14234000.0,48710000,,48401000,48401000,STE,2016-06-30
749030,USD,2016,Q2,2016-11-08,2017-11-07,85851000.0,86333000.0,646415000.0,-398507000.0,247908000.0,-178297000.0,-163680000.0,-14617000.0,,69611000.0,-10640000.0,-10924000.0,58971000,-48000.0,58923000,-18721000.0,40202000,,40416000,40416000,STE,2016-09-30
749030,USD,2016,Q3,2017-02-08,2018-02-08,85074000.0,85525000.0,646774000.0,-389165000.0,257609000.0,-173351000.0,-158760000.0,-14591000.0,,84258000.0,-10441000.0,-10980000.0,73817000,-58374000.0,15443000,-19790000.0,-4347000,,-4996000,-4996000,STE,2016-12-31
749030,USD,2016,Q4,2017-05-26,2019-05-30,84929000.0,85999000.0,681189000.0,-400483000.0,280706000.0,-223474000.0,-207713000.0,-15761000.0,,57232000.0,-9901000.0,-11545000.0,47331000,5000.0,47336000,-21270000.0,26066000,,26144000,26144000,STE,2017-03-31
749030,USD,2017,Q1,2017-08-08,2018-08-08,85090000.0,85720000.0,607964000.0,-352198000.0,255766000.0,-170340000.0,-156336000.0,-14004000.0,,85426000.0,-11121000.0,-12466000.0,74305000,-51000.0,74254000,-16039000.0,58215000,,58077000,58077000,STE,2017-06-30
749030,USD,2017,Q2,2017-11-07,2017-11-07,85199000.0,85869000.0,634159000.0,-367398000.0,266761000.0,-167330000.0,-153356000.0,-13974000.0,,99431000.0,-12057000.0,-12683000.0,87374000,-27000.0,87347000,-22903000.0,64444000,,64459000,64459000,STE,2017-09-30
749030,USD,2017,Q3,2018-02-08,2018-02-08,85004000.0,85719000.0,661900000.0,-383312000.0,278588000.0,-174338000.0,-159143000.0,-15195000.0,,104250000.0,-12236000.0,-12461000.0,92014000,-78000.0,91936000,3404000.0,95340000,,94781000,94781000,STE,2017-12-31
749030,USD,2017,Q4,2018-05-30,2020-05-29,84819000.0,85544000.0,715973000.0,-424342000.0,291631000.0,-180752000.0,-163143000.0,-17609000.0,,110879000.0,-9487000.0,-13019000.0,101392000,53000.0,101445000,-27822000.0,73623000,,73598000,73598000,STE,2018-03-31
749030,USD,2018,Q1,2018-08-08,2019-08-07,84685000.0,85509000.0,638758000.0,-369708000.0,269050000.0,-174626000.0,-158406000.0,-16220000.0,,94424000.0,-11373000.0,-11740000.0,83051000,,83051000,-12773000.0,70278000,,69991000,69991000,STE,2018-06-30
749030,USD,2018,Q2,2018-11-06,2019-11-07,84537000.0,85477000.0,678961000.0,-394297000.0,284664000.0,-178085000.0,-162312000.0,-15773000.0,,106579000.0,-11320000.0,-11393000.0,95259000,,95259000,-17764000.0,77495000,,77457000,77457000,STE,2018-09-30
749030,USD,2018,Q3,2019-02-11,2020-02-10,84540000.0,85441000.0,696238000.0,-409241000.0,286997000.0,-191266000.0,-176099000.0,-15167000.0,,95731000.0,-11824000.0,-10879000.0,83907000,-26147000.0,57760000,-9334000.0,48426000,,47858000,47858000,STE,2018-12-31
749030,USD,2018,Q4,2019-05-30,2019-08-07,84546000.0,85445000.0,768213000.0,-433938000.0,334275000.0,-188998000.0,-173120000.0,-15878000.0,,145277000.0,-7478000.0,-11003000.0,137799000,-4840000.0,132959000,-24412000.0,108547000,,108415000,108415000,STE,2019-03-31
749030,USD,2019,Q1,2019-08-07,2020-08-07,84638000.0,85566000.0,696803000.0,-390960000.0,305843000.0,-194366000.0,-178781000.0,-15585000.0,,111477000.0,-10678000.0,-10445000.0,100799000,-1389000.0,99410000,-14633000.0,84777000,,84590000,84590000,STE,2019-06-30
749030,USD,2019,Q2,2019-11-07,2020-11-06,84795000.0,85695000.0,736840000.0,-418173000.0,318667000.0,-192208000.0,-175959000.0,-16249000.0,,126459000.0,-9426000.0,-10444000.0,117033000,274000.0,117307000,-22165000.0,95142000,,94769000,94769000,STE,2019-09-30
749030,USD,2019,Q3,2020-02-10,2021-02-09,84788000.0,85628000.0,774261000.0,-442908000.0,331353000.0,-189414000.0,-172927000.0,-16487000.0,,141939000.0,-8435000.0,-9813000.0,133504000,448000.0,133952000,-29285000.0,104667000,,104930000,104930000,STE,2019-12-31
749030,USD,2019,Q4,2020-05-29,2021-05-28,84891000.0,85675000.0,822991000.0,-458858000.0,364133000.0,-206289000.0,-189064000.0,-17225000.0,,157844000.0,-9753000.0,-9577000.0,148091000,-6000.0,148085000,-24812000.0,123273000,,123370000,123370000,STE,2020-03-31
