SimFinId,Currency,Fiscal Year,Fiscal Period,Publish Date,Restated Date,Shares (Basic),Shares (Diluted),Revenue,Cost of Revenue,Gross Profit,Operating Expenses,"Selling, General & Administrative",Research & Development,Depreciation & Amortization,Operating Income (Loss),Non-Operating Income (Loss),"Interest Expense, Net","Pretax Income (Loss), Adj.",Abnormal Gains (Losses),Pretax Income (Loss),"Income Tax (Expense) Benefit, Net",Income (Loss) from Continuing Operations,Net Extraordinary Gains (Losses),Net Income,Net Income (Common),Ticker,Report_Date
103225,USD,2009,Q2,2009-08-05,2010-08-05,466799000.0,466799000.0,1203160000.0,-819459000.0,383701000.0,-308164000.0,,,,-202575000.0,399065000.0,,196490000,-355567000.0,-159077000,43110000.0,-115967000,-6542000.0,-122720000,-148520000,SLM,2009-06-30
103225,USD,2009,Q3,2009-11-05,2010-11-08,470280000.0,471058000.0,1199046000.0,-673870000.0,525176000.0,-303130000.0,,,,-99081000.0,150006000.0,,50925000,195223000.0,246148000,-80423000.0,165725000,-6417000.0,159110000,116483000,SLM,2009-09-30
103225,USD,2009,Q4,2010-02-26,2012-02-27,480160000.0,483382000.0,1114184000.0,-515124000.0,599060000.0,-136590000.0,,,,192988000.0,-653529000.0,,-460541000,1161918000.0,701377000,-232204000.0,469173000,-160867000.0,308996000,257818000,SLM,2009-12-31
103225,USD,2010,Q1,2010-05-06,2011-05-06,484259000.0,526631000.0,1385861000.0,-531384000.0,854477000.0,-287635000.0,,,,207722000.0,13800000.0,,221522000,184392000.0,405914000,-159160000.0,246754000,-6614000.0,240140000,221462000,SLM,2010-03-31
103225,USD,2010,Q2,2010-08-05,2011-08-05,484832000.0,527391000.0,1464855000.0,-568933000.0,895922000.0,-309729000.0,,,,203954000.0,-2449000.0,,201505000,342245000.0,543750000,-198978000.0,344772000,-6954000.0,337818000,319107000,SLM,2010-06-30
103225,USD,2010,Q3,2010-11-08,2011-11-04,485000000.0,485000000.0,1511000000.0,-639000000.0,872000000.0,-302000000.0,,,,212000000.0,-4000000.0,,208000000,-828000000.0,-620000000,126000000.0,-494000000,-1000000.0,-495000000,-514000000,SLM,2010-09-30
103225,USD,2010,Q4,2011-05-12,2013-02-26,493909000.0,412978000.0,1392284000.0,-535683000.0,856601000.0,-308636000.0,,,,228324000.0,-1351000.0,,226973000,533363000.0,760336000,-260862000.0,499474000,-52432000.0,447042000,431431000,SLM,2010-12-31
103225,USD,2011,Q1,2011-05-06,2012-05-04,527000000.0,532000000.0,1492000000.0,-594000000.0,898000000.0,-303000000.0,,,,292000000.0,22000000.0,,314000000,-38000000.0,276000000,-99000000.0,177000000,-2000000.0,175000000,171000000,SLM,2011-03-31
103225,USD,2011,Q2,2011-08-05,2012-08-03,524000000.0,524000000.0,1460000000.0,-592000000.0,868000000.0,-268000000.0,,,,309000000.0,3000000.0,,312000000,-339000000.0,-27000000,10000000.0,-17000000,11000000.0,-6000000,-10000000,SLM,2011-06-30
103225,USD,2011,Q3,2011-11-04,2012-11-02,511000000.0,511000000.0,1476000000.0,-591000000.0,885000000.0,-285000000.0,,,,191000000.0,1000000.0,,192000000,-308000000.0,-116000000,46000000.0,-70000000,23000000.0,-47000000,-52000000,SLM,2011-09-30
103225,USD,2011,Q4,2012-02-27,2014-02-19,506000000.0,525000000.0,1502000000.0,-624000000.0,878000000.0,-149000000.0,,,,437000000.0,43000000.0,,480000000,312000000.0,792000000,-285000000.0,507000000,3000000.0,511000000,506000000,SLM,2011-12-31
103225,USD,2012,Q1,2012-05-04,2013-05-03,503000000.0,510000000.0,1477000000.0,-666000000.0,811000000.0,-262000000.0,,,,296000000.0,40000000.0,,336000000,-158000000.0,178000000,-67000000.0,111000000,,112000000,107000000,SLM,2012-03-31
103225,USD,2012,Q2,2012-08-03,2013-08-05,482000000.0,488000000.0,1403000000.0,-656000000.0,747000000.0,-231000000.0,,,,273000000.0,-2000000.0,,271000000,193000000.0,464000000,-169000000.0,295000000,-4000000.0,292000000,287000000,SLM,2012-06-30
103225,USD,2012,Q3,2012-11-02,2013-10-28,464000000.0,471000000.0,1464000000.0,-645000000.0,819000000.0,-220000000.0,,,,329000000.0,2000000.0,,331000000,-40000000.0,291000000,-104000000.0,187000000,0.0,188000000,183000000,SLM,2012-09-30
103225,USD,2012,Q4,2013-02-26,2015-02-26,455472000.0,462568000.0,-3852719000.0,1884088000.0,-1968631000.0,459230000.0,,,,-809517000.0,-3359000.0,,-812876000,221745000.0,-591131000,213857000.0,-377274000,4000000.0,-374380000,-359380000,SLM,2012-12-31
103225,USD,2013,Q1,2013-05-03,2014-05-12,451000000.0,458000000.0,1366000000.0,-571000000.0,795000000.0,-235000000.0,,,,319000000.0,34000000.0,,353000000,203000000.0,556000000,-211000000.0,345000000,1000000.0,346000000,341000000,SLM,2013-03-31
103225,USD,2013,Q2,2013-08-05,2014-07-24,439972000.0,448064000.0,128888000.0,-21471000.0,107417000.0,-66593000.0,,,,41839000.0,8665000.0,,50504000,72591000.0,123095000,-46973000.0,76122000,,76469000,76469000,SLM,2013-06-30
103225,USD,2013,Q3,2013-10-28,2014-10-22,436109000.0,444939000.0,137693000.0,-20910000.0,116783000.0,-68540000.0,,,,27839000.0,9416000.0,,37255000,42074000.0,79329000,-30272000.0,49057000,,49390000,49390000,SLM,2013-09-30
103225,USD,2013,Q4,2014-02-19,2016-02-26,433351000.0,443193000.0,-1081381000.0,524296000.0,-557085000.0,99659000.0,,,,-266376000.0,-14859000.0,,-281235000,-60662000.0,-341897000,129311000.0,-212586000,-1000000.0,-212914000,-207914000,SLM,2013-12-31
103225,USD,2014,Q1,2014-05-12,2015-04-22,426717000.0,434650000.0,161869000.0,-22631000.0,139238000.0,-63671000.0,,,,36408000.0,8136000.0,,44544000,31128000.0,75672000,-28658000.0,47014000,,47448000,47448000,SLM,2014-03-31
103225,USD,2014,Q2,2014-07-24,2015-07-22,422805000.0,430750000.0,165573000.0,-21034000.0,144539000.0,-60479000.0,,,,83046000.0,15229000.0,,98275000,-22206000.0,76069000,-31941000.0,44128000,,44128000,40900000,SLM,2014-06-30
103225,USD,2014,Q3,2014-10-22,2015-10-21,423079000.0,431604000.0,168203000.0,-24177000.0,144026000.0,-72079000.0,,,,57049000.0,5461000.0,,62510000,75319000.0,137829000,-54903000.0,82926000,,82926000,78076000,SLM,2014-09-30
103225,USD,2014,Q4,2015-02-26,2017-02-24,423279000.0,432072000.0,178649000.0,-27973000.0,150676000.0,-72502000.0,,,,47716000.0,11095000.0,,58811000,-14629000.0,44182000,-24465000.0,19717000,,19717000,14862000,SLM,2014-12-31
103225,USD,2015,Q1,2015-04-22,2016-04-20,424428000.0,432302000.0,201356000.0,-30402000.0,170954000.0,-81187000.0,,,,73149000.0,8007000.0,,81156000,-1735000.0,79421000,-31722000.0,47699000,,47699000,42876000,SLM,2015-03-31
103225,USD,2015,Q2,2015-07-22,2016-07-20,425688000.0,432742000.0,198474000.0,-30217000.0,168257000.0,-89799000.0,,,,62900000.0,10912000.0,,73812000,77362000.0,151174000,-60158000.0,91016000,,91016000,86146000,SLM,2015-06-30
103225,USD,2015,Q3,2015-10-21,2016-10-19,426019000.0,432547000.0,208901000.0,-33459000.0,175442000.0,-89063000.0,,,,58882000.0,10455000.0,,69337000,-5628000.0,63709000,-17985000.0,45724000,,45724000,40811000,SLM,2015-09-30
103225,USD,2015,Q4,2016-02-26,2018-02-23,426161000.0,431345000.0,222387000.0,-34541000.0,187846000.0,-74698000.0,,,,82766000.0,12561000.0,,95327000,49433000.0,144760000,-54915000.0,89845000,,89845000,84856000,SLM,2015-12-31
103225,USD,2016,Q1,2016-04-20,2017-04-19,427111000.0,430903000.0,249455000.0,-39592000.0,209863000.0,-88709000.0,,,,88552000.0,21028000.0,,109580000,-4790000.0,104790000,-38875000.0,65915000,,65915000,60776000,SLM,2016-03-31
103225,USD,2016,Q2,2016-07-20,2017-07-19,427942000.0,431796000.0,255241000.0,-42475000.0,212766000.0,-90500000.0,,,,80473000.0,13683000.0,,94156000,-2396000.0,91760000,-34555000.0,57205000,,57205000,51962000,SLM,2016-06-30
103225,USD,2016,Q3,2016-10-19,2017-10-18,428077000.0,433523000.0,272537000.0,-49262000.0,223275000.0,-94614000.0,,,,86877000.0,21598000.0,,108475000,-3953000.0,104522000,-47557000.0,56965000,,56965000,51649000,SLM,2016-09-30
103225,USD,2016,Q4,2017-02-24,2019-02-28,428374000.0,435454000.0,300013000.0,-54579000.0,245434000.0,-93281000.0,,,,108927000.0,13235000.0,,122162000,-8798000.0,113364000,-43122000.0,70242000,,70242000,64736000,SLM,2016-12-31
103225,USD,2017,Q1,2017-04-19,2018-04-23,429891000.0,438735000.0,329488000.0,-61412000.0,268076000.0,-95448000.0,,,,147332000.0,11346000.0,,158678000,-12724000.0,145954000,-51011000.0,94943000,,94943000,89368000,SLM,2017-03-31
103225,USD,2017,Q2,2017-07-19,2018-07-24,431245000.0,438115000.0,342095000.0,-72202000.0,269893000.0,-104629000.0,,,,115049000.0,10629000.0,,125678000,-10348000.0,115330000,-44713000.0,70617000,,70617000,66643000,SLM,2017-06-30
103225,USD,2017,Q3,2017-10-18,2018-10-22,431718000.0,438419000.0,366224000.0,-84163000.0,282061000.0,-108516000.0,,,,118615000.0,4455000.0,,123070000,-6082000.0,116988000,-40617000.0,76371000,,76371000,73343000,SLM,2017-09-30
103225,USD,2017,Q4,2018-02-23,2019-02-28,432010000.0,438935000.0,399496000.0,-90305000.0,309191000.0,-111546000.0,,,,142321000.0,-21066000.0,,121255000,-8062000.0,113193000,-66190000.0,47003000,,47003000,43866000,SLM,2017-12-31
103225,USD,2018,Q1,2018-04-23,2019-04-17,433952000.0,438977000.0,437231000.0,-104617000.0,332614000.0,-116170000.0,,,,162513000.0,9642000.0,,172155000,-4904000.0,167251000,-40997000.0,126254000,,126254000,122857000,SLM,2018-03-31
103225,USD,2018,Q2,2018-07-24,2018-07-24,435187000.0,439445000.0,462311000.0,-121361000.0,340950000.0,-127222000.0,,,,150461000.0,12295000.0,,162756000,-12850000.0,149906000,-40074000.0,109832000,,109832000,105912000,SLM,2018-06-30
103225,USD,2018,Q3,2018-10-22,2018-10-22,435468000.0,440019000.0,497597000.0,-140964000.0,356633000.0,-141496000.0,,,,145090000.0,-80702000.0,,64388000,-14177000.0,50211000,53667000.0,103878000,,103878000,99754000,SLM,2018-09-30
103225,USD,2018,Q4,2019-02-28,2021-02-25,435609000.0,440283000.0,538213000.0,-155346000.0,382867000.0,-139302000.0,,,,185946000.0,6446000.0,,192392000,-431000.0,191961000,-44449000.0,147512000,,147512000,143313000,SLM,2018-12-31
103225,USD,2019,Q1,2019-04-17,2019-04-17,434574000.0,438248000.0,566453000.0,-164172000.0,402281000.0,-132529000.0,,,,205962000.0,13378000.0,,219340000,-4855000.0,214485000,-56296000.0,158189000,,158189000,153721000,SLM,2019-03-31
103225,USD,2019,Q2,2019-07-24,2019-07-24,429278000.0,432253000.0,573722000.0,-176854000.0,396868000.0,-131450000.0,,,,172043000.0,2655000.0,,174698000,9380000.0,184078000,-33801000.0,150277000,,150277000,145946000,SLM,2019-06-30
103225,USD,2019,Q3,2019-10-23,2019-10-23,424149000.0,427336000.0,590391000.0,-185326000.0,405065000.0,-144807000.0,,,,160732000.0,15280000.0,,176012000,-6853000.0,169159000,-40701000.0,128458000,,128458000,124305000,SLM,2019-09-30
103225,USD,2019,Q4,2020-02-28,2020-02-28,421167000.0,424859000.0,600466000.0,-181365000.0,419101000.0,-132615000.0,,,,188928000.0,-211000.0,,188717000,-12699000.0,176018000,-34666000.0,141352000,,141352000,137467000,SLM,2019-12-31
103225,USD,2020,Q1,2020-04-22,2021-04-21,409786000.0,412755000.0,574933000.0,-174817000.0,400116000.0,-138408000.0,,,,200450000.0,7487000.0,,207937000,275717000.0,483654000,-121481000.0,362173000,,362173000,358709000,SLM,2020-03-31
