SimFinId,Currency,Fiscal Year,Fiscal Period,Publish Date,Restated Date,Shares (Basic),Shares (Diluted),Revenue,Cost of Revenue,Gross Profit,Operating Expenses,"Selling, General & Administrative",Research & Development,Depreciation & Amortization,Operating Income (Loss),Non-Operating Income (Loss),"Interest Expense, Net","Pretax Income (Loss), Adj.",Abnormal Gains (Losses),Pretax Income (Loss),"Income Tax (Expense) Benefit, Net",Income (Loss) from Continuing Operations,Net Extraordinary Gains (Losses),Net Income,Net Income (Common),Ticker,Report_Date
826177,USD,2009,Q4,2010-02-06,2012-03-15,8434136.0,8434136.0,2682000.0,-1834000.0,848000.0,-29496000.0,-6522000.0,-21187000.0,-1787000.0,-28648000.0,-6197000.0,-7329000.0,-34845000,5073000.0,-29772000,,-29772000,,-29772000,-29772000,ARNA,2009-12-31
826177,USD,2010,Q1,2010-05-07,2011-05-10,9500600.0,9500600.0,2513000.0,-1865000.0,648000.0,-25865000.0,-7014000.0,-18314000.0,-537000.0,-25217000.0,-7472000.0,-7511000.0,-32689000,1419000.0,-31270000,,-31270000,,-31270000,-31270000,ARNA,2010-03-31
826177,USD,2010,Q2,2010-08-09,2011-08-09,10413600.0,10413600.0,2459000.0,-1630000.0,829000.0,-27793000.0,-6760000.0,-20502000.0,-531000.0,-26964000.0,-2208000.0,-2189000.0,-29172000,415000.0,-28757000,,-28757000,,-28757000,-28757000,ARNA,2010-06-30
826177,USD,2010,Q3,2010-11-09,2011-11-09,11740900.0,11740900.0,7629000.0,-1814000.0,5815000.0,-27558000.0,-6862000.0,-20155000.0,-541000.0,-21743000.0,-5192000.0,-6160000.0,-26935000,-9331000.0,-36266000,,-36266000,,-36266000,-36266000,ARNA,2010-09-30
826177,USD,2010,Q4,2011-03-15,2013-03-01,12154671.0,12154671.0,4012000.0,-2105000.0,1907000.0,-24338000.0,-7300000.0,-16488000.0,-550000.0,-22431000.0,-5324000.0,-5352000.0,-27755000,-486000.0,-28241000,,-28241000,,-28241000,-28241000,ARNA,2010-12-31
826177,USD,2011,Q1,2011-05-10,2012-05-02,12165.0,12165.0,3925000.0,-2381000.0,1544000.0,-23261000.0,-6890000.0,-15935000.0,-436000.0,-21717000.0,-4639000.0,-4645000.0,-26356000,-13542000.0,-39898000,,-39898000,,-39898000,-42158000,ARNA,2011-03-31
826177,USD,2011,Q2,2011-08-09,2012-08-09,14269300.0,14269300.0,3259000.0,-2277000.0,982000.0,-20966000.0,-6077000.0,-14703000.0,-186000.0,-19984000.0,-3105000.0,-3149000.0,-23089000,181000.0,-22908000,,-22908000,,-22908000,-22908000,ARNA,2011-06-30
826177,USD,2011,Q3,2011-11-09,2012-11-09,14596500.0,14596500.0,3459000.0,-1557000.0,1902000.0,-21204000.0,-6029000.0,-14978000.0,-197000.0,-19302000.0,-3201000.0,-3191000.0,-22503000,-233000.0,-22736000,,-22736000,,-22736000,-22736000,ARNA,2011-09-30
826177,USD,2011,Q4,2012-03-15,2014-03-03,26790325.0,26790325.0,2076000.0,-1885000.0,191000.0,-18520000.0,-5252000.0,-13090000.0,-178000.0,-18329000.0,-5013000.0,-3207000.0,-23342000,-340000.0,-23682000,,-23682000,,-23682000,-23682000,ARNA,2011-12-31
826177,USD,2012,Q1,2012-05-02,2013-05-09,16421300.0,16421300.0,2189000.0,-791000.0,1398000.0,-21001000.0,-6355000.0,-14470000.0,-176000.0,-19603000.0,-2929000.0,-3016000.0,-22532000,-4045000.0,-26577000,,-26577000,,-26577000,-29401000,ARNA,2012-03-31
826177,USD,2012,Q2,2012-08-09,2013-08-05,19027200.0,19027200.0,21977000.0,-652000.0,21325000.0,-19465000.0,-5216000.0,-14076000.0,-173000.0,1860000.0,-2521000.0,-2464000.0,-661000,-21438000.0,-22099000,,-22099000,,-22099000,-22099000,ARNA,2012-06-30
826177,USD,2012,Q3,2012-11-09,2013-11-12,21388100.0,21388100.0,1485000.0,-1396000.0,89000.0,-19179000.0,-7392000.0,-11619000.0,-168000.0,-19090000.0,-1690000.0,-1763000.0,-20780000,5259000.0,-15521000,,-15521000,,-15521000,-15521000,ARNA,2012-09-30
826177,USD,2012,Q4,2013-03-01,2015-03-02,21772883.0,21772883.0,1936000.0,-832000.0,1104000.0,-21384000.0,-7263000.0,-13947000.0,-174000.0,-20280000.0,-1461000.0,-1758000.0,-21741000,461000.0,-21280000,,-21280000,,-21280000,-21280000,ARNA,2012-12-31
826177,USD,2013,Q1,2013-05-09,2014-05-12,21750300.0,21750300.0,2373000.0,-2118000.0,255000.0,-21259000.0,-7251000.0,-14008000.0,,-21004000.0,-1731000.0,-1763000.0,-22735000,3859000.0,-18876000,,-18876000,,-18876000,-18876000,ARNA,2013-03-31
826177,USD,2013,Q2,2013-08-05,2014-08-06,21794000.0,22452800.0,68927000.0,-1590000.0,67337000.0,-27431000.0,-8603000.0,-18828000.0,,39906000.0,-1948000.0,-1762000.0,37958000,2142000.0,40100000,,40100000,,40100000,40100000,ARNA,2013-06-30
826177,USD,2013,Q3,2013-11-12,2014-11-06,21831600.0,21831600.0,3578000.0,-1092000.0,2486000.0,-22352000.0,-7760000.0,-14592000.0,,-19866000.0,-1434000.0,-1740000.0,-21300000,4100000.0,-17200000,,-17200000,,-17200000,-17200000,ARNA,2013-09-30
826177,USD,2013,Q4,2014-03-03,2016-02-29,21865829.0,21207029.0,6516000.0,-1380000.0,5136000.0,-27107000.0,-8067000.0,-19040000.0,,-21971000.0,-1537000.0,-1737000.0,-23508000,49000.0,-23459000,,-23459000,,-23459000,-23459000,ARNA,2013-12-31
826177,USD,2014,Q1,2014-05-12,2015-05-11,21922200.0,21922200.0,6814000.0,-1327000.0,5487000.0,-29025000.0,-8037000.0,-20988000.0,,-23538000.0,-1607000.0,-1718000.0,-25145000,-110000.0,-25255000,,-25255000,,-25255000,-25255000,ARNA,2014-03-31
826177,USD,2014,Q2,2014-08-06,2015-08-07,21968200.0,22534100.0,12801000.0,-2010000.0,10791000.0,-36157000.0,-9132000.0,-27025000.0,,-25366000.0,-1437000.0,-1711000.0,-26803000,34283000.0,7480000,,7480000,,7480000,7480000,ARNA,2014-06-30
826177,USD,2014,Q3,2014-11-06,2015-11-09,21986600.0,21986600.0,8164000.0,-1836000.0,6328000.0,-32537000.0,-8029000.0,-24508000.0,,-26209000.0,-3332000.0,-1707000.0,-29541000,18869000.0,-10672000,,-10672000,,-10672000,-10672000,ARNA,2014-09-30
826177,USD,2014,Q4,2015-03-02,2017-03-15,22016600.0,21450700.0,9191000.0,-2586000.0,6605000.0,-36765000.0,-8939000.0,-27826000.0,,-30160000.0,-2830000.0,-1696000.0,-32990000,929000.0,-32061000,,-32061000,,-32061000,-32061000,ARNA,2014-12-31
826177,USD,2015,Q1,2015-05-11,2016-05-09,23570300.0,23570300.0,12256000.0,-3593000.0,8663000.0,-30407000.0,-8439000.0,-21968000.0,,-21744000.0,-1002000.0,-1662000.0,-22746000,-1549000.0,-24295000,,-24295000,,-24295000,-24295000,ARNA,2015-03-31
826177,USD,2015,Q2,2015-08-07,2016-08-09,24206700.0,24206700.0,9181000.0,-3115000.0,6066000.0,-33045000.0,-8844000.0,-24201000.0,,-26979000.0,-999000.0,-1720000.0,-27978000,1171000.0,-26807000,,-26807000,,-26807000,-26807000,ARNA,2015-06-30
826177,USD,2015,Q3,2015-11-09,2016-11-09,24225700.0,24225700.0,9138000.0,-3219000.0,5919000.0,-31100000.0,-9028000.0,-22072000.0,,-25181000.0,-2089000.0,-1646000.0,-27270000,852000.0,-26418000,,-26418000,,-26418000,-26418000,ARNA,2015-09-30
826177,USD,2015,Q4,2016-02-29,2018-03-14,24265834.0,24265834.0,-17177000.0,9927000.0,-7250000.0,-19012000.0,-3970000.0,-15042000.0,,-26262000.0,-3579000.0,-1642000.0,-29841000,-3346000.0,-33187000,,-33187000,2728000.0,-30459000,-30459000,ARNA,2015-12-31
826177,USD,2016,Q1,2016-05-09,2017-05-09,24287600.0,24287600.0,9847000.0,-3616000.0,6231000.0,-25426000.0,-6924000.0,-18502000.0,,-19195000.0,-2353000.0,-1591000.0,-21548000,,-21548000,,-21548000,,-21548000,-21548000,ARNA,2016-03-31
826177,USD,2016,Q2,2016-08-09,2017-08-08,24308000.0,24308000.0,9512000.0,-2609000.0,6903000.0,-27011000.0,-8465000.0,-18546000.0,,-20108000.0,-960000.0,-1514000.0,-21068000,-6115000.0,-27183000,,-27183000,,-27183000,-27183000,ARNA,2016-06-30
826177,USD,2016,Q3,2016-11-09,2017-11-08,24325000.0,24325000.0,19242000.0,-2812000.0,16430000.0,-26056000.0,-8590000.0,-17466000.0,,-9626000.0,-2622000.0,-1555000.0,-12248000,-231000.0,-12479000,,-12479000,,-12357000,-12357000,ARNA,2016-09-30
826177,USD,2016,Q4,2017-03-15,2019-02-28,24331400.0,24331400.0,53562000.0,9037000.0,62599000.0,-12818000.0,-3550000.0,-9268000.0,,49781000.0,-1102000.0,-1562000.0,48679000,231000.0,48910000,,48910000,-10596000.0,38572000,38572000,ARNA,2016-12-31
826177,USD,2017,Q1,2017-05-09,2018-05-09,24482000.0,24482000.0,1660000.0,,1660000.0,-22864000.0,-7520000.0,-15344000.0,,-21204000.0,-1347000.0,-1536000.0,-22551000,,-22551000,,-22551000,54000.0,-22053000,-22053000,ARNA,2017-03-31
826177,USD,2017,Q2,2017-08-08,2018-08-07,30229000.0,30229000.0,1898000.0,,1898000.0,-24850000.0,-7150000.0,-17700000.0,,-22952000.0,-811000.0,-1522000.0,-23763000,,-23763000,,-23763000,147000.0,-23317000,-23317000,ARNA,2017-06-30
826177,USD,2017,Q3,2017-11-08,2018-11-08,37766000.0,37766000.0,2415000.0,,2415000.0,-24651000.0,-7418000.0,-17233000.0,,-22236000.0,-1059000.0,-1503000.0,-23295000,-11975000.0,-35270000,,-35270000,2606000.0,-32353000,-32353000,ARNA,2017-09-30
826177,USD,2017,Q4,2018-03-14,2020-02-27,39483000.0,39483000.0,15364000.0,,15364000.0,-28964000.0,-8253000.0,-20711000.0,,-13600000.0,-670000.0,-1066000.0,-14270000,0.0,-14270000,,-14270000,315000.0,-13684000,-13684000,ARNA,2017-12-31
826177,USD,2018,Q1,2018-05-09,2019-05-09,39996000.0,39996000.0,1755000.0,,1755000.0,-32724000.0,-11151000.0,-21573000.0,,-30969000.0,-164000.0,-698000.0,-31133000,,-31133000,,-31133000,-830000.0,-31963000,-31963000,ARNA,2018-03-31
826177,USD,2018,Q2,2018-08-07,2019-08-09,49263000.0,49263000.0,3994000.0,,3994000.0,-37160000.0,-10405000.0,-26755000.0,,-33166000.0,1333000.0,1054000.0,-31833000,,-31833000,,-31833000,,-31833000,-31833000,ARNA,2018-06-30
826177,USD,2018,Q3,2018-11-08,2019-11-08,49368000.0,49368000.0,3573000.0,,3573000.0,-39577000.0,-10766000.0,-28811000.0,,-36004000.0,1690000.0,1101000.0,-34314000,,-34314000,,-34314000,,-34314000,-34314000,ARNA,2018-09-30
826177,USD,2018,Q4,2019-02-28,2021-02-23,49537000.0,49537000.0,8648000.0,,8648000.0,-50825000.0,-12935000.0,-37890000.0,,-42177000.0,3090000.0,1620000.0,-39087000,-2467000.0,-41554000,110265000.0,68711000,0.0,68711000,68711000,ARNA,2018-12-31
826177,USD,2019,Q1,2019-05-09,2020-05-07,49478000.0,51255000.0,801057000.0,,801057000.0,-61974000.0,-16578000.0,-45396000.0,,739083000.0,5957000.0,5246000.0,745040000,-14573000.0,730467000,-110333000.0,620134000,,620134000,620134000,ARNA,2019-03-31
826177,USD,2019,Q2,2019-08-09,2020-08-05,49653000.0,49653000.0,1022000.0,,1022000.0,-69578000.0,-18367000.0,-51211000.0,,-68556000.0,7153000.0,6373000.0,-61403000,,-61403000,,-61403000,,-61403000,-61403000,ARNA,2019-06-30
826177,USD,2019,Q3,2019-11-08,2020-11-09,49864000.0,49864000.0,1350000.0,,1350000.0,-80685000.0,-20428000.0,-60257000.0,,-79335000.0,6470000.0,5686000.0,-72865000,,-72865000,,-72865000,,-72865000,-72865000,ARNA,2019-09-30
826177,USD,2019,Q4,2020-02-27,2021-02-23,50121000.0,56020000.0,3002000.0,,3002000.0,-96875000.0,-22243000.0,-74632000.0,,-93873000.0,5562000.0,4776000.0,-88311000,0.0,-88311000,0.0,-88311000,,-88311000,-88311000,ARNA,2019-12-31
826177,USD,2020,Q1,2020-05-07,2021-05-05,50228000.0,50228000.0,262000.0,,262000.0,-104975000.0,-26442000.0,-78533000.0,,-104713000.0,4506000.0,3783000.0,-100207000,,-100207000,,-100207000,,-100207000,-100207000,ARNA,2020-03-31
