SimFinId,Currency,Fiscal Year,Fiscal Period,Publish Date,Restated Date,Shares (Basic),Shares (Diluted),Revenue,Cost of Revenue,Gross Profit,Operating Expenses,"Selling, General & Administrative",Research & Development,Depreciation & Amortization,Operating Income (Loss),Non-Operating Income (Loss),"Interest Expense, Net","Pretax Income (Loss), Adj.",Abnormal Gains (Losses),Pretax Income (Loss),"Income Tax (Expense) Benefit, Net",Income (Loss) from Continuing Operations,Net Extraordinary Gains (Losses),Net Income,Net Income (Common),Ticker,Report_Date
942590,USD,2014,Q4,2015-02-05,2017-03-15,25748586.0,24697810.0,9984982.0,-499155.0,9485827.0,-5852750.0,-1787630.0,,-2304914.0,3633077.0,7431.0,7431.0,3640508,-50731.0,3589777,-881133.0,2708644,,2708644,2708644,REI,2014-12-31
942590,USD,2015,Q1,2015-05-06,2016-05-09,25748586.0,24697810.0,6045701.0,-1867795.0,4177906.0,-5660316.0,-1728987.0,,-3654298.0,-1482410.0,780.0,780.0,-1481630,-66979.0,-1548609,572985.0,-975624,,-975624,-975624,REI,2015-03-31
942590,USD,2015,Q2,2015-08-10,2016-08-08,26121822.0,27172598.0,8976790.0,-2628941.0,6347849.0,-5248763.0,-2043730.0,,-3205033.0,1099086.0,-79003.0,-79003.0,1020083,-79400.0,940683,-406516.0,534167,,534167,534167,REI,2015-06-30
942590,USD,2015,Q3,2015-11-09,2016-11-08,30372701.0,30372701.0,8629007.0,-3327643.0,5301364.0,-6670991.0,-2002638.0,,-4668353.0,-1369627.0,-348906.0,-348906.0,-1718533,-103887.0,-1822420,684152.0,-1138268,,-1138268,-1138268,REI,2015-09-30
942590,USD,2015,Q4,2016-03-14,2018-03-15,30415824.0,30415824.0,7362394.0,-2134001.0,5228393.0,-7059189.0,-2220040.0,,-3648107.0,-1830796.0,-315021.0,-315021.0,-2145817,-9480321.0,-11626138,4153092.0,-7473046,,-7473046,-7473046,REI,2015-12-31
942590,USD,2016,Q1,2016-05-09,2018-03-15,30394360.0,30394360.0,30850248.0,-9867800.0,20982448.0,-21015011.0,-8027077.0,,-11483314.0,-32563.0,-592511.0,-592511.0,-625074,-57000198.0,-57625272,19987585.0,-37637687,,-37637687,-37637687,REI,2016-03-31
942590,USD,2016,Q2,2016-08-08,2017-08-08,38679375.0,38679375.0,7104609.0,-2544144.0,4560465.0,-4499588.0,-1920387.0,,-2579201.0,60877.0,-12372.0,-12372.0,48505,-25576964.0,-25528459,9586959.0,-15941500,,-15941500,-15941500,REI,2016-06-30
942590,USD,2016,Q3,2016-11-08,2017-11-08,41917061.0,41917061.0,7822543.0,-2718257.0,5104286.0,-4450732.0,-1882579.0,,-2568153.0,653554.0,-89447.0,-89447.0,564107,-9774755.0,-9210648,3266511.0,-5944137,,-5944137,-5944137,REI,2016-09-30
942590,USD,2016,Q4,2017-03-15,2019-02-28,43851708.0,43851708.0,-14927152.0,3757781.0,-11169371.0,10454940.0,3802966.0,,5147354.0,-714431.0,101819.0,101819.0,-612612,35351719.0,34739107,-12853470.0,21885637,,21885637,21885637,REI,2016-12-31
942590,USD,2017,Q1,2017-05-09,2018-05-08,49114731.0,50414435.0,12243793.0,-3288635.0,8955158.0,-6315130.0,-2841111.0,,-3474019.0,2640028.0,116679.0,116679.0,2756707,-137176.0,2619531,-1340250.0,1279281,,1279281,1279281,REI,2017-03-31
942590,USD,2017,Q2,2017-08-08,2018-08-08,49199698.0,50498244.0,14503309.0,-4205549.0,10297760.0,-7502575.0,-2366149.0,,-5136426.0,2795185.0,47311.0,47311.0,2842496,-173573.0,2668923,-758160.0,1910763,,1910763,1910763,REI,2017-06-30
942590,USD,2017,Q3,2017-11-08,2018-11-06,53009696.0,54367648.0,16643930.0,-5049700.0,11594230.0,-7192175.0,-2369131.0,,-4823044.0,4402055.0,85553.0,85553.0,4487608,-44146.0,4443462,-1369702.0,3073760,,3073760,3073760,REI,2017-09-30
942590,USD,2017,Q4,2018-02-28,2020-03-16,54207907.0,55946521.0,23308668.0,-6587040.0,16721628.0,-10023787.0,-2939496.0,,-7084291.0,6697841.0,41540.0,41540.0,6739381,-4301257.0,2438124,-6948059.0,-4509935,,-4509935,-4509935,REI,2017-12-31
942590,USD,2018,Q1,2018-05-08,2019-05-08,56415673.0,57949389.0,29891391.0,-7207792.0,22683599.0,-11587359.0,-3085980.0,,-8501379.0,11096240.0,-35530.0,-35530.0,11060710,-2426847.0,8633863,-2968229.0,5665634,,5665634,5665634,REI,2018-03-31
942590,USD,2018,Q2,2018-08-08,2019-08-07,60431872.0,61921926.0,29924883.0,-8067308.0,21857575.0,-12295346.0,-3151231.0,,-9144115.0,9562229.0,82991.0,82991.0,9645220,-3666369.0,5978851,-1259045.0,4719806,,4719806,4719806,REI,2018-06-30
942590,USD,2018,Q3,2018-11-06,2019-11-06,60405355.0,61830381.0,32687179.0,-8769037.0,23918142.0,-14135679.0,-3205116.0,,-10930563.0,9782463.0,-35033.0,-35033.0,9747430,-3456856.0,6290574,-596946.0,5693628,,5693628,5693628,REI,2018-09-30
942590,USD,2018,Q4,2019-02-28,2021-03-16,60871900.0,61691012.0,27561908.0,-9388945.0,18172963.0,-13874188.0,-3425359.0,,-10448829.0,4298775.0,-342471.0,-342471.0,3956304,-12414111.0,-8457807,1378499.0,-7079308,,-7079308,-7079308,REI,2018-12-31
942590,USD,2019,Q1,2019-05-08,2020-05-11,63229710.0,63992549.0,41798315.0,-11491639.0,30306676.0,-19855246.0,-6798017.0,,-12929054.0,10451430.0,-760781.0,-760781.0,9690649,-556630.0,9134019,-4864759.0,4269260,,4269260,4269260,REI,2019-03-31
942590,USD,2019,Q2,2019-08-07,2020-08-10,67357645.0,67670259.0,51334225.0,-11569109.0,39765116.0,-21899467.0,-4743127.0,,-14615270.0,17865649.0,-4258648.0,-4258648.0,13607001,1300996.0,14907997,-3565400.0,11342597,,11342597,11342597,REI,2019-06-30
942590,USD,2019,Q3,2019-11-06,2020-11-09,67811127.0,67836968.0,50339105.0,-15478052.0,34861053.0,-20282436.0,-3745928.0,,-14115170.0,14578617.0,-4556500.0,-4556500.0,10022117,1641161.0,11663278,-2805278.0,8858000,,8858000,8858000,REI,2019-09-30
942590,USD,2019,Q4,2020-03-16,2021-03-16,67888470.0,67528336.0,52231186.0,-19087804.0,33143382.0,-14959043.0,-4579634.0,,-14544775.0,18184339.0,-4276116.0,-4276116.0,13908223,-6329312.0,7578911,-2552217.0,5026694,,5026694,5026694,REI,2019-12-31
942590,USD,2020,Q1,2020-05-11,2021-05-10,67993797.0,67997092.0,39570328.0,,39570328.0,-28107030.0,-3035895.0,,-13682996.0,11463298.0,-4248493.0,-4248493.0,7214805,49039229.0,56254034,-12449916.0,43804118,,43804118,43804118,REI,2020-03-31
