SimFinId,Currency,Fiscal Year,Fiscal Period,Publish Date,Restated Date,Shares (Basic),Shares (Diluted),Revenue,Cost of Revenue,Gross Profit,Operating Expenses,"Selling, General & Administrative",Research & Development,Depreciation & Amortization,Operating Income (Loss),Non-Operating Income (Loss),"Interest Expense, Net","Pretax Income (Loss), Adj.",Abnormal Gains (Losses),Pretax Income (Loss),"Income Tax (Expense) Benefit, Net",Income (Loss) from Continuing Operations,Net Extraordinary Gains (Losses),Net Income,Net Income (Common),Ticker,Report_Date
378211,USD,2010,Q2,2010-08-09,2011-08-09,166683000.0,167802000.0,478730000.0,-167809000.0,310921000.0,-113787000.0,-24417000.0,,-24790000.0,197134000.0,-548000.0,-9291000.0,196586000,-1171000.0,195415000,-61884000.0,133531000,8174000.0,106208000,106208000,SNI,2010-06-30
378211,USD,2010,Q3,2010-11-04,2011-11-09,166731000.0,167791000.0,466885000.0,-163710000.0,303175000.0,-108217000.0,-22633000.0,,-21761000.0,194958000.0,-2732000.0,-8774000.0,192226000,31000.0,192257000,-55803000.0,136454000,-317000.0,101693000,101693000,SNI,2010-09-30
378211,USD,2010,Q4,2011-03-01,2013-03-01,167786000.0,169412000.0,467685000.0,651000.0,468336000.0,-260346000.0,-452015000.0,,-13353000.0,207990000.0,-435000.0,-8621000.0,207555000,-223000.0,207332000,-56865000.0,150467000,4918000.0,130613000,130613000,SNI,2010-12-31
378211,USD,2011,Q1,2011-05-05,2012-05-09,168426000.0,169694000.0,480831000.0,-163241000.0,317590000.0,-111901000.0,-30009000.0,,-21561000.0,205689000.0,1090000.0,-8615000.0,206779000,-16000.0,206763000,-62211000.0,144552000,765000.0,100525000,100525000,SNI,2011-03-31
378211,USD,2011,Q2,2011-08-09,2012-08-09,168815000.0,170048000.0,533984000.0,-123297000.0,410687000.0,-158760000.0,-136586000.0,,-22174000.0,251927000.0,4869000.0,-8576000.0,256796000,-3000.0,256793000,-79472000.0,177321000,-55465000.0,77429000,77429000,SNI,2011-06-30
378211,USD,2011,Q3,2011-11-09,2012-11-09,161789000.0,162276000.0,503744000.0,-147563000.0,356181000.0,-160446000.0,-137710000.0,,-22736000.0,195735000.0,-26094000.0,-9157000.0,169641000,82000.0,169723000,-33183000.0,136540000,-6552000.0,98603000,98603000,SNI,2011-09-30
378211,USD,2011,Q4,2012-02-29,2014-03-03,159598000.0,160270000.0,553489000.0,-92764000.0,460725000.0,-226875000.0,-263597000.0,,-23609000.0,233850000.0,16637000.0,-9773000.0,250487000,-666000.0,249821000,-71586000.0,178235000,0.0,135001000,135001000,SNI,2011-12-31
378211,USD,2012,Q1,2012-05-09,2013-05-09,156118000.0,157068000.0,535345000.0,-137781000.0,397564000.0,-182845000.0,-158329000.0,,-24516000.0,214719000.0,8887000.0,-12180000.0,223606000,-59000.0,223547000,-66596000.0,156951000,,114903000,114903000,SNI,2012-03-31
378211,USD,2012,Q2,2012-08-09,2013-08-09,152086000.0,153438000.0,600986000.0,-150903000.0,450083000.0,-191340000.0,-165402000.0,,-25938000.0,258743000.0,11735000.0,-13247000.0,270478000,-27000.0,270451000,-79028000.0,191423000,,142364000,142364000,SNI,2012-06-30
378211,USD,2012,Q3,2012-11-09,2013-11-12,149985000.0,151201000.0,566186000.0,-156297000.0,409889000.0,-187801000.0,-158823000.0,,-28978000.0,222088000.0,389000.0,-12518000.0,222477000,-16000.0,222461000,-65653000.0,156808000,,118410000,118410000,SNI,2012-09-30
378211,USD,2012,Q4,2013-03-01,2015-02-27,150531000.0,151601000.0,604665000.0,-165855000.0,438810000.0,-201078000.0,-172919000.0,,-28159000.0,237732000.0,2379000.0,-12869000.0,240111000,-18807000.0,221304000,123170000.0,344474000,,305801000,305801000,SNI,2012-12-31
378211,USD,2013,Q1,2013-05-09,2014-05-08,148813000.0,149901000.0,594385000.0,-163751000.0,430634000.0,-209860000.0,-183160000.0,,-26700000.0,220774000.0,5076000.0,-12145000.0,225850000,-976000.0,224874000,-73687000.0,151187000,,107819000,107819000,SNI,2013-03-31
378211,USD,2013,Q2,2013-08-09,2014-08-07,147132000.0,148259000.0,665128000.0,-168677000.0,496451000.0,-206324000.0,-176770000.0,,-29554000.0,290127000.0,16856000.0,-12197000.0,306983000,-499000.0,306484000,-96141000.0,210343000,,159729000,159729000,SNI,2013-06-30
378211,USD,2013,Q3,2013-11-12,2014-11-06,146578000.0,147802000.0,616901000.0,-178221000.0,438680000.0,-206158000.0,-176644000.0,,-29514000.0,232522000.0,2217000.0,-12337000.0,234739000,-95000.0,234644000,-64174000.0,170470000,,129003000,129003000,SNI,2013-09-30
378211,USD,2013,Q4,2014-03-03,2016-02-25,146781000.0,148046000.0,654395000.0,-188645000.0,465750000.0,-224293000.0,-192481000.0,,-31812000.0,241457000.0,15111000.0,-12031000.0,256568000,-31919000.0,224649000,-73621000.0,151028000,,108519000,108519000,SNI,2013-12-31
378211,USD,2014,Q1,2014-05-08,2015-05-07,146322000.0,147440000.0,643749000.0,-181138000.0,462611000.0,-223171000.0,-191877000.0,,-31294000.0,239440000.0,10103000.0,-12431000.0,249543000,152000.0,249695000,-76906000.0,172789000,,128296000,128296000,SNI,2014-03-31
378211,USD,2014,Q2,2014-08-07,2015-08-04,142342000.0,143224000.0,708132000.0,-190181000.0,517951000.0,-232839000.0,-198666000.0,,-34173000.0,285112000.0,15902000.0,-12232000.0,301014000,-2986000.0,298028000,-92359000.0,205669000,,153794000,153794000,SNI,2014-06-30
378211,USD,2014,Q3,2014-11-06,2015-11-09,140738000.0,141628000.0,644423000.0,-207099000.0,437324000.0,-198978000.0,-167361000.0,,-31617000.0,238346000.0,5376000.0,-12235000.0,243722000,2489000.0,246211000,-75910000.0,170301000,,131339000,131339000,SNI,2014-09-30
378211,USD,2014,Q4,2015-02-27,2017-02-24,135786000.0,136480000.0,669152000.0,-200478000.0,468674000.0,-239263000.0,-206895000.0,,-32368000.0,229411000.0,1351000.0,-15789000.0,230762000,3155000.0,233917000,-55868000.0,178049000,,131846000,131846000,SNI,2014-12-31
378211,USD,2015,Q1,2015-05-07,2016-05-06,131259000.0,131942000.0,658250000.0,-199147000.0,459103000.0,-230777000.0,-202187000.0,,-28590000.0,228326000.0,5576000.0,-12967000.0,233902000,3417000.0,237319000,-71249000.0,166070000,,123843000,123843000,SNI,2015-03-31
378211,USD,2015,Q2,2015-08-04,2016-08-09,129225000.0,129868000.0,732102000.0,-195087000.0,537015000.0,-204936000.0,-178498000.0,,-26438000.0,332079000.0,-2739000.0,-16835000.0,329340000,37154000.0,366494000,-120326000.0,246168000,,193718000,193718000,SNI,2015-06-30
378211,USD,2015,Q3,2015-11-09,2016-11-07,129177000.0,129704000.0,776122000.0,-270150000.0,505972000.0,-234936000.0,-193645000.0,,-41291000.0,271036000.0,-36590000.0,-50439000.0,234446000,3997000.0,238443000,-75110000.0,163333000,,124559000,124559000,SNI,2015-09-30
378211,USD,2015,Q4,2016-02-25,2017-02-24,128999000.0,129506000.0,851753000.0,-322973000.0,528780000.0,-256289000.0,-210849000.0,,-45440000.0,272491000.0,1429000.0,-27806000.0,273920000,5688000.0,279608000,-76706000.0,202902000,,164708000,164708000,SNI,2015-12-31
378211,USD,2016,Q1,2016-05-06,2017-05-05,129295000.0,129790000.0,816878000.0,-279667000.0,537211000.0,-247180000.0,-198821000.0,,-48359000.0,290031000.0,-2001000.0,-33745000.0,288030000,210963000.0,498993000,-159047000.0,339946000,,290897000,290897000,SNI,2016-03-31
378211,USD,2016,Q2,2016-08-09,2017-08-04,129562000.0,130141000.0,892771000.0,-286999000.0,605772000.0,-232876000.0,-191133000.0,,-41743000.0,372896000.0,-33135000.0,-33175000.0,339761000,-8106000.0,331655000,-98303000.0,233352000,,184608000,184608000,SNI,2016-06-30
378211,USD,2016,Q3,2016-11-07,2017-11-03,129586000.0,130124000.0,803085000.0,-298207000.0,504878000.0,-246961000.0,-200820000.0,,-46141000.0,257917000.0,-2860000.0,-32609000.0,255057000,2827000.0,257884000,-76043000.0,181841000,,145997000,145997000,SNI,2016-09-30
378211,USD,2016,Q4,2017-02-24,2017-02-24,129673000.0,130361000.0,888701000.0,-328355000.0,560346000.0,-274717000.0,-215959000.0,,-58758000.0,285629000.0,-42513000.0,-29912000.0,243116000,-53870000.0,189246000,-96937000.0,92309000,,52093000,52093000,SNI,2016-12-31
378211,USD,2017,Q1,2017-05-05,2017-05-05,129921000.0,130743000.0,855120000.0,-279039000.0,576081000.0,-246527000.0,-207370000.0,,-39157000.0,329554000.0,23737000.0,-24252000.0,353291000,-2336000.0,350955000,-101140000.0,249815000,,199900000,199900000,SNI,2017-03-31
378211,USD,2017,Q2,2017-08-04,2017-08-04,130233000.0,130884000.0,925046000.0,-299851000.0,625195000.0,-251115000.0,-212397000.0,,-38718000.0,374080000.0,28952000.0,-24203000.0,403032000,-2256000.0,400776000,-115099000.0,285677000,,234075000,234075000,SNI,2017-06-30
378211,USD,2017,Q3,2017-11-03,2017-11-03,130313000.0,131262000.0,825525000.0,-318292000.0,507233000.0,-256328000.0,-224192000.0,,-32136000.0,250905000.0,-11480000.0,-23092000.0,239425000,-5888000.0,233537000,-70454000.0,163083000,,124088000,124088000,SNI,2017-09-30
