SimFinId,Currency,Fiscal Year,Fiscal Period,Publish Date,Restated Date,Shares (Basic),Shares (Diluted),Revenue,Cost of Revenue,Gross Profit,Operating Expenses,"Selling, General & Administrative",Research & Development,Depreciation & Amortization,Operating Income (Loss),Non-Operating Income (Loss),"Interest Expense, Net","Pretax Income (Loss), Adj.",Abnormal Gains (Losses),Pretax Income (Loss),"Income Tax (Expense) Benefit, Net",Income (Loss) from Continuing Operations,Net Extraordinary Gains (Losses),Net Income,Net Income (Common),Ticker,Report_Date
345674,USD,2009,Q2,2009-08-04,2010-08-02,151941000.0,151941000.0,140497000.0,-84657000.0,55840000.0,-79711000.0,-11454000.0,,-68257000.0,-23871000.0,-623000.0,-635000.0,-24494000,-1984000.0,-26478000,9587000.0,-16891000,-852000.0,-17743000,-17743000,PTEN,2009-06-30
345674,USD,2009,Q3,2009-11-02,2010-11-01,152242000.0,152242000.0,159671000.0,-103907000.0,55764000.0,-80966000.0,-11384000.0,,-69582000.0,-25202000.0,-1167000.0,-1395000.0,-26369000,583000.0,-25786000,8972000.0,-16814000,-1766000.0,-18580000,-18580000,PTEN,2009-09-30
345674,USD,2009,Q4,2010-02-19,2012-02-10,152358000.0,152264000.0,213569000.0,-141882000.0,71687000.0,-92998000.0,-10722000.0,,-82276000.0,-21311000.0,-1188000.0,-1351000.0,-22499000,-1583000.0,-24082000,7992000.0,-16090000,-2080000.0,-18170000,-18170000,PTEN,2009-12-31
345674,USD,2010,Q1,2010-05-04,2011-05-02,152458000.0,153122000.0,271598000.0,-176339000.0,95259000.0,-87179000.0,-11463000.0,,-75716000.0,8080000.0,-1139000.0,-1214000.0,6941000,-249000.0,6692000,-2506000.0,4186000,,4186000,4186000,PTEN,2010-03-31
345674,USD,2010,Q2,2010-08-02,2011-08-01,152650000.0,152871000.0,306992000.0,-193048000.0,113944000.0,-91126000.0,-12343000.0,,-78783000.0,22818000.0,171000.0,-3000.0,22989000,22939000.0,45928000,-16400000.0,29528000,,29528000,29528000,PTEN,2010-06-30
345674,USD,2010,Q3,2010-11-01,2011-10-31,152933000.0,154109000.0,378663000.0,-227788000.0,150875000.0,-99116000.0,-13685000.0,,-85431000.0,51759000.0,-5903000.0,-6163000.0,45856000,750000.0,46606000,-17232000.0,29374000,,29374000,29374000,PTEN,2010-09-30
345674,USD,2010,Q4,2011-02-14,2013-02-13,153047000.0,153002000.0,505678000.0,-300623000.0,205055000.0,-109114000.0,-15551000.0,,-93563000.0,95941000.0,-3300000.0,-3718000.0,92641000,-1113000.0,91528000,-36718000.0,54810000,-956000.0,53854000,53854000,PTEN,2010-12-31
345674,USD,2011,Q1,2011-05-02,2012-04-30,153122000.0,154653000.0,567404000.0,-339271000.0,228133000.0,-112190000.0,-15975000.0,,-96215000.0,115943000.0,-3727000.0,-3846000.0,112216000,1604000.0,113820000,-42201000.0,71619000,-367000.0,71252000,71252000,PTEN,2011-03-31
345674,USD,2011,Q2,2011-08-01,2012-07-30,153556000.0,155581000.0,600064000.0,-349723000.0,250341000.0,-119498000.0,-16749000.0,,-102749000.0,130843000.0,-3391000.0,-3469000.0,127452000,1017000.0,128469000,-46831000.0,81638000,,81638000,81638000,PTEN,2011-06-30
345674,USD,2011,Q3,2011-10-31,2012-10-30,152617000.0,154120000.0,673828000.0,-416301000.0,257527000.0,-126670000.0,-15957000.0,,-110713000.0,130857000.0,-3413000.0,-3788000.0,127444000,1437000.0,128881000,-46953000.0,81928000,0.0,81928000,81928000,PTEN,2011-09-30
345674,USD,2011,Q4,2012-02-10,2014-02-14,156189000.0,156862000.0,724647000.0,-438496000.0,286151000.0,-143192000.0,-15590000.0,,-127602000.0,142959000.0,-4352000.0,-4362000.0,138607000,941000.0,139548000,-51953000.0,87595000,0.0,87595000,87595000,PTEN,2011-12-31
345674,USD,2012,Q1,2012-04-30,2013-05-01,154625000.0,155401000.0,745921000.0,-452236000.0,293685000.0,-136821000.0,-13868000.0,,-122953000.0,156864000.0,-4473000.0,-4528000.0,152391000,800000.0,153191000,-55917000.0,97274000,,97274000,97274000,PTEN,2012-03-31
345674,USD,2012,Q2,2012-07-30,2013-07-29,153269000.0,153655000.0,681112000.0,-413354000.0,267758000.0,-145196000.0,-16719000.0,,-128477000.0,122562000.0,-5016000.0,-4872000.0,117546000,28332000.0,145878000,-53340000.0,92538000,,92538000,92538000,PTEN,2012-06-30
345674,USD,2012,Q3,2012-10-30,2013-10-28,149846000.0,150522000.0,643631000.0,-397385000.0,246246000.0,-159615000.0,-17222000.0,,-142393000.0,86631000.0,-6434000.0,-7058000.0,80197000,1963000.0,82160000,-31354000.0,50806000,,50806000,50806000,PTEN,2012-09-30
345674,USD,2012,Q4,2013-02-13,2015-02-12,146836000.0,147218000.0,652750000.0,-404697000.0,248053000.0,-149455000.0,-16664000.0,,-132791000.0,98598000.0,-5765000.0,-5738000.0,92833000,1611000.0,94444000,-35585000.0,58859000,,58859000,58859000,PTEN,2012-12-31
345674,USD,2013,Q1,2013-05-01,2014-04-28,144827000.0,146783000.0,667039000.0,-418150000.0,248889000.0,-153832000.0,-17397000.0,,-136435000.0,95057000.0,-6574000.0,-6593000.0,88483000,-125000.0,88358000,-32128000.0,56230000,,56230000,56230000,PTEN,2013-03-31
345674,USD,2013,Q2,2013-07-29,2014-07-28,145465000.0,146374000.0,659316000.0,-434242000.0,225074000.0,-155501000.0,-18319000.0,,-137182000.0,69573000.0,-6310000.0,-6691000.0,63263000,1033000.0,64296000,-23528000.0,40768000,,40768000,40768000,PTEN,2013-06-30
345674,USD,2013,Q3,2013-10-28,2014-10-27,144446000.0,145432000.0,730907000.0,-447420000.0,283487000.0,-160314000.0,-19580000.0,,-140734000.0,123173000.0,-6830000.0,-7210000.0,116343000,1378000.0,117721000,-43301000.0,74420000,,74420000,74420000,PTEN,2013-09-30
345674,USD,2013,Q4,2014-02-14,2016-02-10,142686000.0,142623000.0,658772000.0,-426094000.0,232678000.0,-201674000.0,-18556000.0,,-183118000.0,31004000.0,-6036000.0,-6947000.0,24968000,1098000.0,26066000,-9475000.0,16591000,,16591000,16591000,PTEN,2013-12-31
345674,USD,2014,Q1,2014-04-28,2015-04-27,142892000.0,145099000.0,678168000.0,-454141000.0,224027000.0,-166995000.0,-19673000.0,,-147322000.0,57032000.0,-7012000.0,-7012000.0,50020000,1744000.0,51764000,-16942000.0,34822000,,34822000,34822000,PTEN,2014-03-31
345674,USD,2014,Q2,2014-07-28,2015-07-27,143622000.0,146029000.0,757276000.0,-500167000.0,257109000.0,-172974000.0,-19548000.0,,-153426000.0,84135000.0,-7038000.0,-7041000.0,77097000,3091000.0,80188000,-25905000.0,54283000,,54283000,54283000,PTEN,2014-06-30
345674,USD,2014,Q3,2014-10-27,2015-10-28,144798000.0,146991000.0,845628000.0,-562486000.0,283142000.0,-256721000.0,-18896000.0,,-237825000.0,26421000.0,-6759000.0,-6759000.0,19662000,3870000.0,23532000,-7556000.0,15976000,,15976000,15976000,PTEN,2014-09-30
345674,USD,2014,Q4,2015-02-12,2017-02-13,144952000.0,143385000.0,901219000.0,-586175000.0,315044000.0,-199506000.0,-22028000.0,,-180157000.0,115538000.0,-8034000.0,-8034000.0,107504000,-8705000.0,98799000,-41216000.0,57583000,,57583000,57583000,PTEN,2014-12-31
345674,USD,2015,Q1,2015-04-27,2016-05-02,144983000.0,145745000.0,657699000.0,-428333000.0,229366000.0,-205263000.0,-20537000.0,,-175382000.0,24103000.0,-8258000.0,-8258000.0,15845000,,15845000,-6720000.0,9125000,,9125000,9125000,PTEN,2015-03-31
345674,USD,2015,Q2,2015-07-27,2016-08-02,145300000.0,145300000.0,472761000.0,-299383000.0,173378000.0,-198142000.0,-19216000.0,,-181924000.0,-24764000.0,-8931000.0,-8931000.0,-33695000,,-33695000,14720000.0,-18975000,,-18975000,-18975000,PTEN,2015-06-30
345674,USD,2015,Q3,2015-10-28,2016-10-31,145662000.0,145662000.0,422251000.0,-277834000.0,144417000.0,-349371000.0,-18582000.0,,-332151000.0,-204954000.0,-8915000.0,-8931000.0,-213869000,-124561000.0,-338430000,112452000.0,-225978000,,-225978000,-225978000,PTEN,2015-09-30
345674,USD,2015,Q4,2016-02-10,2017-02-13,145719000.0,144957000.0,338566000.0,-215319000.0,123247000.0,-200043000.0,-16578000.0,,-175302000.0,-76796000.0,-9373000.0,-9391000.0,-86169000,0.0,-86169000,27511000.0,-58658000,,-58658000,-58658000,PTEN,2015-12-31
345674,USD,2016,Q1,2016-05-02,2017-05-02,145770000.0,145770000.0,268939000.0,-168711000.0,100228000.0,-195487000.0,-17972000.0,,-176770000.0,-95259000.0,-10674000.0,-10690000.0,-105933000,,-105933000,35430000.0,-70503000,,-70503000,-70503000,PTEN,2016-03-31
345674,USD,2016,Q2,2016-08-02,2017-08-04,145944000.0,145944000.0,193907000.0,-133349000.0,60558000.0,-184890000.0,-17087000.0,,-170975000.0,-124332000.0,-10561000.0,-10578000.0,-134893000,,-134893000,49027000.0,-85866000,,-85866000,-85866000,PTEN,2016-06-30
345674,USD,2016,Q3,2016-10-31,2017-11-02,146326000.0,146326000.0,206133000.0,-151738000.0,54395000.0,-177804000.0,-16612000.0,,-163464000.0,-123409000.0,-10162000.0,-10181000.0,-133571000,,-133571000,49428000.0,-84143000,,-84143000,-84143000,PTEN,2016-09-30
345674,USD,2016,Q4,2017-03-13,2017-03-13,146672000.0,146672000.0,246887000.0,-186594000.0,60293000.0,-173519000.0,-17534000.0,,-157225000.0,-113226000.0,-8573000.0,-8590000.0,-121799000,,-121799000,43677000.0,-78122000,,-78122000,-78122000,PTEN,2016-12-31
345674,USD,2017,Q1,2017-05-02,2017-05-02,160062000.0,160062000.0,305175000.0,-227234000.0,77941000.0,-165424000.0,-18852000.0,,-156217000.0,-87483000.0,-7847000.0,-7864000.0,-95330000,-5156000.0,-100486000,36947000.0,-63539000,,-63539000,-63539000,PTEN,2017-03-31
345674,USD,2017,Q2,2017-08-04,2017-08-04,201204000.0,201204000.0,579186000.0,-414558000.0,164628000.0,-253671000.0,-23478000.0,,-219328000.0,-89043000.0,-8302000.0,-8433000.0,-97345000,-51193000.0,-148538000,56354000.0,-92184000,,-92184000,-92184000,PTEN,2017-06-30
345674,USD,2017,Q3,2017-11-02,2017-11-02,211875000.0,211875000.0,684989000.0,-477272000.0,207717000.0,-236284000.0,-27551000.0,,-196642000.0,-28567000.0,-9405000.0,-9483000.0,-37972000,-9449000.0,-47421000,13652000.0,-33769000,,-33769000,-33769000,PTEN,2017-09-30
345674,USD,2017,Q4,2018-02-20,2018-02-20,220647000.0,226387000.0,787334000.0,-514876000.0,272458000.0,-253280000.0,-35966000.0,,-211154000.0,19178000.0,-9709000.0,-9826000.0,9469000,-40825000.0,-31356000,226758000.0,195402000,,195402000,195402000,PTEN,2017-12-31
345674,USD,2018,Q1,2018-05-01,2018-05-01,220783000.0,220783000.0,809164000.0,-533553000.0,275611000.0,-258033000.0,-32817000.0,,-209892000.0,17578000.0,-12033000.0,-12202000.0,5545000,-39680000.0,-34135000,-282000.0,-34417000,,-34417000,-34417000,PTEN,2018-03-31
345674,USD,2018,Q2,2018-07-30,2018-07-30,220093000.0,220093000.0,854418000.0,-560559000.0,293859000.0,-258431000.0,-35663000.0,,-212384000.0,35428000.0,-10091000.0,-10307000.0,25337000,-44432000.0,-19095000,8382000.0,-10713000,,-10713000,-10713000,PTEN,2018-06-30
345674,USD,2018,Q3,2018-10-29,2018-10-29,218059000.0,218059000.0,867478000.0,-568871000.0,298607000.0,-334148000.0,-32820000.0,,-281652000.0,-35541000.0,-11278000.0,-11559000.0,-46819000,-44740000.0,-91559000,16517000.0,-75042000,,-75042000,-75042000,PTEN,2018-09-30
345674,USD,2018,Q4,2019-02-13,2019-02-13,215637000.0,215637000.0,795937000.0,-486571000.0,309366000.0,-262050000.0,-35509000.0,,-212390000.0,47316000.0,-11829000.0,-11913000.0,35487000,-258106000.0,-222619000,21370000.0,-201249000,,-201249000,-201249000,PTEN,2018-12-31
345674,USD,2019,Q1,2019-04-29,2019-04-29,211868000.0,211868000.0,704171000.0,-443723000.0,260448000.0,-238229000.0,-32555000.0,,-214410000.0,22219000.0,-11835000.0,-11952000.0,10384000,-45602000.0,-35218000,6604000.0,-28614000,,-28614000,-28614000,PTEN,2019-03-31
345674,USD,2019,Q2,2019-07-29,2019-07-29,207499000.0,207499000.0,675765000.0,-425541000.0,250224000.0,-252653000.0,-34894000.0,,-208688000.0,-2429000.0,-11450000.0,-11542000.0,-13879000,-45696000.0,-59575000,10128000.0,-49447000,,-49447000,-49447000,PTEN,2019-06-30
345674,USD,2019,Q3,2019-10-30,2019-10-30,199343000.0,199343000.0,598452000.0,-396999000.0,201453000.0,-434743000.0,-34231000.0,,-400764000.0,-233290000.0,-18927000.0,-19046000.0,-252217000,-74015000.0,-326232000,64513000.0,-261719000,,-261719000,-261719000,PTEN,2019-09-30
345674,USD,2019,Q4,2020-02-14,2020-02-14,193446000.0,193446000.0,492297000.0,-243880000.0,248417000.0,-294365000.0,-31833000.0,,-180011000.0,-45948000.0,-26590000.0,-26651000.0,-72538000,-36815000.0,-109353000,23430000.0,-85923000,,-85923000,-85923000,PTEN,2019-12-31
345674,USD,2020,Q1,2020-04-28,2021-05-04,190674000.0,190674000.0,445927000.0,-278275000.0,167652000.0,-233618000.0,-30346000.0,,-186797000.0,-65966000.0,-10482000.0,-10567000.0,-76448000,-428444000.0,-504892000,70170000.0,-434722000,,-434722000,-434722000,PTEN,2020-03-31
