SimFinId,Currency,Fiscal Year,Fiscal Period,Publish Date,Restated Date,Shares (Basic),Shares (Diluted),Revenue,Cost of Revenue,Gross Profit,Operating Expenses,"Selling, General & Administrative",Research & Development,Depreciation & Amortization,Operating Income (Loss),Non-Operating Income (Loss),"Interest Expense, Net","Pretax Income (Loss), Adj.",Abnormal Gains (Losses),Pretax Income (Loss),"Income Tax (Expense) Benefit, Net",Income (Loss) from Continuing Operations,Net Extraordinary Gains (Losses),Net Income,Net Income (Common),Ticker,Report_Date
260195,USD,2010,Q2,2010-08-05,2011-08-04,7508587.0,7512562.0,64318000.0,-49577000.0,14741000.0,-8274000.0,-7969000.0,,,6467000.0,-199000.0,-301000.0,6268000,-176000.0,6092000,-2490000.0,3602000,,3602000,3602000,IPI,2010-06-30
260195,USD,2010,Q3,2010-11-04,2011-11-03,7510145.0,7514354.0,91471000.0,-64663000.0,26808000.0,-6710000.0,-6439000.0,,,20098000.0,-76000.0,-223000.0,20022000,-176000.0,19846000,-8187000.0,11659000,,11659000,11659000,IPI,2010-09-30
260195,USD,2010,Q4,2011-02-24,2013-02-14,7510658.0,7521631.0,96156000.0,-58510000.0,37646000.0,-8268000.0,-8101000.0,,,29378000.0,396000.0,289000.0,29774000,-176000.0,29598000,-11420000.0,18178000,,18178000,18178000,IPI,2010-12-31
260195,USD,2011,Q1,2011-05-05,2012-05-03,7513114.0,7526345.0,104476000.0,-63259000.0,41217000.0,-6912000.0,-6871000.0,,,34305000.0,516000.0,257000.0,34821000,12309000.0,47130000,-18851000.0,28279000,,28279000,28279000,IPI,2011-03-31
260195,USD,2011,Q2,2011-08-04,2012-08-02,7518431.0,7526828.0,119368000.0,-64230000.0,55138000.0,-4256000.0,-8986000.0,,,50882000.0,85000.0,26000.0,50967000,-191000.0,50776000,-20068000.0,30708000,,30708000,30708000,IPI,2011-06-30
260195,USD,2011,Q3,2011-11-03,2012-11-01,7520250.0,7530027.0,113812000.0,-66705000.0,47107000.0,-5162000.0,-8277000.0,,,41945000.0,293000.0,271000.0,42238000,-184000.0,42054000,-16547000.0,25507000,,25507000,25507000,IPI,2011-09-30
260195,USD,2011,Q4,2012-02-16,2014-02-13,7520490.0,7529220.0,105298000.0,-62540000.0,42758000.0,-7763000.0,-7673000.0,,,34995000.0,490000.0,307000.0,35485000,-184000.0,35301000,-10384000.0,24917000,,24917000,24917000,IPI,2011-12-31
260195,USD,2012,Q1,2012-05-03,2013-05-02,7522739.0,7531707.0,111913000.0,-70707000.0,41206000.0,-8229000.0,-8257000.0,,,32977000.0,443000.0,260000.0,33420000,-181000.0,33239000,-12613000.0,20626000,,20626000,20626000,IPI,2012-03-31
260195,USD,2012,Q2,2012-08-02,2013-08-01,7527907.0,7530847.0,98787000.0,-58892000.0,39895000.0,-8795000.0,-8710000.0,,,31100000.0,406000.0,311000.0,31506000,-181000.0,31325000,-12312000.0,19013000,,19013000,19013000,IPI,2012-06-30
260195,USD,2012,Q3,2012-11-01,2013-10-31,7529884.0,7535022.0,129350000.0,-77496000.0,51854000.0,-8122000.0,-8039000.0,,,43732000.0,401000.0,266000.0,44133000,-181000.0,43952000,-10685000.0,33267000,,33267000,33267000,IPI,2012-09-30
260195,USD,2012,Q4,2013-02-14,2015-02-19,7530114.0,7537217.0,111266000.0,-74083000.0,37183000.0,-8867000.0,-8744000.0,,,28316000.0,276000.0,101000.0,28592000,-181000.0,28411000,-13874000.0,14537000,,14537000,14537000,IPI,2012-12-31
260195,USD,2013,Q1,2013-05-02,2014-05-01,7534056.0,7539253.0,99257000.0,-65457000.0,33800000.0,-9663000.0,-9492000.0,,,24137000.0,-145000.0,-161000.0,23992000,-375000.0,23617000,-8698000.0,14919000,,14919000,14919000,IPI,2013-03-31
260195,USD,2013,Q2,2013-08-01,2014-07-31,7538311.0,7539957.0,92680000.0,-64627000.0,28053000.0,-7299000.0,-8639000.0,,,20754000.0,-1892000.0,-56000.0,18862000,-374000.0,18488000,-7171000.0,11317000,,11317000,11317000,IPI,2013-06-30
260195,USD,2013,Q3,2013-10-31,2014-10-30,7539438.0,7540414.0,70569000.0,-57666000.0,12903000.0,-10842000.0,-7921000.0,,,2061000.0,-10000.0,-83000.0,2051000,-375000.0,1676000,350000.0,2026000,,2026000,2026000,IPI,2013-09-30
260195,USD,2013,Q4,2014-02-13,2016-02-29,7539658.0,7543068.0,73806000.0,-70647000.0,3159000.0,-7770000.0,-7716000.0,,,-4611000.0,-702000.0,-707000.0,-5313000,-375000.0,-5688000,-299000.0,-5987000,,-5987000,-5987000,IPI,2013-12-31
260195,USD,2014,Q1,2014-05-01,2015-04-28,7544495.0,7544495.0,98875000.0,-94883000.0,3992000.0,-3799000.0,-6746000.0,,,193000.0,-1093000.0,-1327000.0,-900000,-2233000.0,-3133000,2778000.0,-355000,,-355000,-355000,IPI,2014-03-31
260195,USD,2014,Q2,2014-07-31,2015-07-28,7551499.0,7557392.0,110949000.0,-95271000.0,15678000.0,-6759000.0,-7064000.0,,,8919000.0,-1309000.0,-1534000.0,7610000,-406000.0,7204000,-1642000.0,5562000,,5562000,5562000,IPI,2014-06-30
260195,USD,2014,Q3,2014-10-30,2015-10-27,7552824.0,7552824.0,102280000.0,-95392000.0,6888000.0,-6468000.0,-6466000.0,,,420000.0,-1254000.0,-1597000.0,-834000,-405000.0,-1239000,3000.0,-1236000,,-1236000,-1236000,IPI,2014-09-30
260195,USD,2014,Q4,2015-02-19,2017-02-28,7553053.0,7597419.0,98285000.0,-82839000.0,15446000.0,-5748000.0,-6947000.0,,,9698000.0,-1313000.0,-1588000.0,8385000,-406000.0,7979000,-2189000.0,5790000,,5790000,5790000,IPI,2014-12-31
260195,USD,2015,Q1,2015-04-28,2016-11-02,7558909.0,7568308.0,53692000.0,-62035000.0,-8343000.0,-5920000.0,-5943000.0,,,-14263000.0,-1275000.0,-1342000.0,-15538000,-424000.0,-15962000,7852000.0,-8110000,,-8110000,-8110000,IPI,2015-03-31
260195,USD,2015,Q2,2015-07-28,2016-08-04,7568308.0,7568300.0,73651000.0,-71046000.0,2605000.0,-6112000.0,-8424000.0,,,-3507000.0,-1356000.0,-1402000.0,-4863000,-424000.0,-5287000,350000.0,-4937000,,-4937000,-4937000,IPI,2015-06-30
260195,USD,2015,Q3,2015-10-27,2016-11-02,7570149.0,7570149.0,53692000.0,-62035000.0,-8343000.0,-5920000.0,-5943000.0,,,-14263000.0,-1275000.0,-1342000.0,-15538000,-424000.0,-15962000,7852000.0,-8110000,,-8110000,-8110000,IPI,2015-09-30
260195,USD,2015,Q4,2016-02-29,2017-02-28,7570430.0,7561039.0,42819000.0,-71278000.0,-28459000.0,-9255000.0,-5651000.0,,,-37714000.0,-1220000.0,-1355000.0,-38934000,-324220000.0,-363154000,-155104000.0,-518258000,,-518258000,-518258000,IPI,2015-12-31
260195,USD,2016,Q1,2016-05-05,2017-05-02,7575654.0,7575654.0,73277000.0,-82430000.0,-9153000.0,-6466000.0,-6570000.0,,,-15619000.0,-1964000.0,-2106000.0,-17583000,-842000.0,-18425000,-2000.0,-18427000,,-18427000,-18427000,IPI,2016-03-31
260195,USD,2016,Q2,2016-08-04,2017-08-02,7583878.0,7583878.0,51840000.0,-57306000.0,-5466000.0,-2735000.0,-4536000.0,,,-8201000.0,-2840000.0,-2899000.0,-11041000,-2356000.0,-13397000,-1000.0,-13398000,,-13398000,-13398000,IPI,2016-06-30
260195,USD,2016,Q3,2016-11-02,2017-10-30,7587177.0,7587177.0,43643000.0,-51267000.0,-7624000.0,-4825000.0,-4731000.0,,,-12449000.0,-3630000.0,-3848000.0,-16079000,-2161000.0,-18240000,-1000.0,-18241000,,-18241000,-18241000,IPI,2016-09-30
260195,USD,2016,Q4,2017-02-28,2017-02-28,7580785.0,7580785.0,42188000.0,-49192000.0,-7004000.0,-4342000.0,-4197000.0,,,-11346000.0,-1780000.0,-2483000.0,-13126000,-4807000.0,-17933000,1366000.0,-16567000,,-16567000,-16567000,IPI,2016-12-31
260195,USD,2017,Q1,2017-05-02,2017-05-02,8199207.0,8199207.0,48332000.0,-51188000.0,-2856000.0,-6054000.0,-4404000.0,,,-8910000.0,-3682000.0,-4418000.0,-12592000,-1081000.0,-13673000,-5000.0,-13678000,,-13678000,-13678000,IPI,2017-03-31
260195,USD,2017,Q2,2017-08-02,2017-08-02,12622114.0,12622114.0,43910000.0,-40213000.0,3697000.0,-4307000.0,-4764000.0,,,-610000.0,-4244000.0,-4217000.0,-4854000,-1074000.0,-5928000,-7000.0,-5935000,,-5935000,-5935000,IPI,2017-06-30
260195,USD,2017,Q3,2017-10-30,2017-10-30,12660158.0,12660158.0,32060000.0,-28268000.0,3792000.0,-3281000.0,-4782000.0,,,511000.0,-1866000.0,-1994000.0,-1355000,-683000.0,-2038000,130000.0,-1908000,,-1908000,-1908000,IPI,2017-09-30
260195,USD,2017,Q4,2018-02-27,2018-02-27,12802064.0,12802064.0,33305000.0,-32159000.0,1146000.0,-3030000.0,-5511000.0,,,-1884000.0,-1497000.0,-1057000.0,-3381000,-673000.0,-4054000,2665000.0,-1389000,,-1389000,-1389000,IPI,2017-12-31
260195,USD,2018,Q1,2018-04-24,2018-04-24,12766146.0,13076500.0,53195000.0,-45995000.0,7200000.0,-4138000.0,-3970000.0,,,3062000.0,-760000.0,-780000.0,2302000,-545000.0,1757000,,1757000,,1757000,1757000,IPI,2018-03-31
260195,USD,2018,Q2,2018-08-02,2018-08-02,12786111.0,12786111.0,51014000.0,-43728000.0,7286000.0,-6893000.0,-6190000.0,,,393000.0,-816000.0,-878000.0,-423000,-535000.0,-958000,,-958000,,-958000,-958000,IPI,2018-06-30
260195,USD,2018,Q3,2018-10-31,2018-10-31,12823300.0,13089400.0,36528000.0,-27568000.0,8960000.0,-4187000.0,-5121000.0,,,4773000.0,-841000.0,-864000.0,3932000,-536000.0,3396000,-46000.0,3350000,,3350000,3350000,IPI,2018-09-30
260195,USD,2018,Q4,2019-03-12,2019-03-12,12852843.0,13442389.0,67533000.0,-52708000.0,14825000.0,-5978000.0,-5157000.0,,,8847000.0,-1186000.0,-1333000.0,7661000,35000.0,7696000,-62000.0,7634000,,7634000,7634000,IPI,2018-12-31
260195,USD,2019,Q1,2019-05-07,2019-05-07,12873000.0,13088000.0,57554000.0,-44386000.0,13168000.0,-6178000.0,-5807000.0,,,6990000.0,-269000.0,-603000.0,6721000,-566000.0,6155000,0.0,6155000,,6155000,6155000,IPI,2019-03-31
260195,USD,2019,Q2,2019-08-06,2019-08-06,12889600.0,13104300.0,62512000.0,-49341000.0,13171000.0,-6272000.0,-6355000.0,,,6899000.0,-806000.0,-806000.0,6093000,-482000.0,5611000,0.0,5611000,,5611000,5611000,IPI,2019-06-30
260195,USD,2019,Q3,2019-11-05,2019-11-05,12917000.0,12917000.0,51160000.0,-44211000.0,6949000.0,-5618000.0,-5548000.0,,,1331000.0,-840000.0,-849000.0,491000,-716000.0,-225000,8000.0,-217000,,-217000,-217000,IPI,2019-09-30
260195,USD,2019,Q4,2020-03-03,2020-03-03,12940067.0,13311068.0,48849000.0,-38659000.0,10190000.0,-6912000.0,-5846000.0,,,3278000.0,-761000.0,-773000.0,2517000,-374000.0,2143000,-61000.0,2082000,,2082000,2082000,IPI,2019-12-31
260195,USD,2020,Q1,2020-05-07,2021-05-04,12957200.0,12957200.0,63984000.0,-58361000.0,5623000.0,-6588000.0,-6599000.0,,,-965000.0,-660000.0,-676000.0,-1625000,-5814000.0,-7439000,42000.0,-7397000,,-7397000,-7397000,IPI,2020-03-31
