SimFinId,Currency,Fiscal Year,Fiscal Period,Publish Date,Restated Date,Shares (Basic),Shares (Diluted),Revenue,Cost of Revenue,Gross Profit,Operating Expenses,"Selling, General & Administrative",Research & Development,Depreciation & Amortization,Operating Income (Loss),Non-Operating Income (Loss),"Interest Expense, Net","Pretax Income (Loss), Adj.",Abnormal Gains (Losses),Pretax Income (Loss),"Income Tax (Expense) Benefit, Net",Income (Loss) from Continuing Operations,Net Extraordinary Gains (Losses),Net Income,Net Income (Common),Ticker,Report_Date
795984,USD,2012,Q4,2013-02-12,2015-03-16,3441995.0,3441995.0,,,,-1314470.0,-772138.0,-542332.0,,-1314470.0,-15514.0,-39520.0,-1329984,,-1329984,,-1329984,,-1329984,-1329984,STML,2012-12-31
795984,USD,2013,Q1,2013-05-14,2014-05-15,6147589.0,6147589.0,,,,-5329193.0,-2167467.0,-3161726.0,,-5329193.0,-176453.0,-82389.0,-5505646,,-5505646,,-5505646,,-5505646,-5505646,STML,2013-03-31
795984,USD,2013,Q2,2013-08-14,2014-08-14,9837062.0,9837062.0,,,,-5155947.0,-1071426.0,-4084521.0,,-5155947.0,-294691.0,-294691.0,-5450638,,-5450638,,-5450638,,-5450638,-5450638,STML,2013-06-30
795984,USD,2013,Q3,2013-11-12,2014-11-14,12471472.0,12471472.0,,,,-5577314.0,-2253652.0,-3323662.0,,-5577314.0,3790.0,3790.0,-5573524,,-5573524,,-5573524,,-5573524,-5573524,STML,2013-09-30
795984,USD,2013,Q4,2014-03-31,2016-03-14,12813281.0,12813281.0,,,,-7988009.0,-2379174.0,-5608835.0,,-7988009.0,250306.0,-124445.0,-7737703,71000.0,-7666703,,-7666703,,-7666703,-7666703,STML,2013-12-31
795984,USD,2014,Q1,2014-05-15,2015-05-11,12875228.0,12875228.0,,,,-9105215.0,-1988360.0,-7116855.0,,-9105215.0,34289.0,42212.0,-9070926,71000.0,-8999926,,-8999926,,-8999926,-8999926,STML,2014-03-31
795984,USD,2014,Q2,2014-08-14,2015-08-10,12921898.0,12921898.0,,,,-6128601.0,-2038011.0,-4090590.0,,-6128601.0,44474.0,43842.0,-6084127,71429.0,-6012698,,-6012698,,-6012698,-6012698,STML,2014-06-30
795984,USD,2014,Q3,2014-11-14,2015-11-06,12950027.0,12950027.0,,,,-6999532.0,-2020241.0,-4979291.0,,-6999532.0,42946.0,40136.0,-6956586,71429.0,-6885157,,-6885157,,-6885157,-6885157,STML,2014-09-30
795984,USD,2014,Q4,2015-03-16,2017-03-16,12999811.0,12999811.0,,,,-7091831.0,-2037968.0,-5053863.0,,-7091831.0,38208.0,30120.0,-7053623,121429.0,-6932194,,-6932194,,-6932194,-6932194,STML,2014-12-31
795984,USD,2015,Q1,2015-05-11,2016-05-09,16582226.0,16582226.0,,,,-7845552.0,-1810065.0,-6035487.0,,-7845552.0,46660.0,45760.0,-7798892,121429.0,-7677463,,-7677463,,-7677463,-7677463,STML,2015-03-31
795984,USD,2015,Q2,2015-08-10,2016-08-08,17497976.0,17497976.0,,,,-10352035.0,-2152638.0,-8199397.0,,-10352035.0,76890.0,76181.0,-10275145,121429.0,-10153716,,-10153716,,-10153716,-10153716,STML,2015-06-30
795984,USD,2015,Q3,2015-11-06,2016-11-08,17515895.0,17515895.0,,,,-9575850.0,-2234991.0,-7340859.0,,-9575850.0,137123.0,137123.0,-9438727,205651.0,-9233076,,-9233076,,-9233076,-9233076,STML,2015-09-30
795984,USD,2015,Q4,2016-03-14,2018-03-16,17559987.0,17559987.0,,,,-10514082.0,-2631149.0,-7882933.0,,-10514082.0,128825.0,128825.0,-10385257,205651.0,-10179606,0.0,-10179606,,-10179606,-10179606,STML,2015-12-31
795984,USD,2016,Q1,2016-05-09,2017-05-10,17716012.0,17716012.0,,,,-9398852.0,-2866122.0,-6532730.0,,-9398852.0,144657.0,144657.0,-9254195,205651.0,-9048544,,-9048544,,-9048544,-9048544,STML,2016-03-31
795984,USD,2016,Q2,2016-08-08,2017-08-08,17785406.0,17785406.0,,,,-9736609.0,-2860639.0,-6875970.0,,-9736609.0,150809.0,140450.0,-9585800,236901.0,-9348899,26756.0,-9322143,,-9322143,-9322143,STML,2016-06-30
795984,USD,2016,Q3,2016-11-08,2017-11-09,17831022.0,17831022.0,,,,-10364829.0,-3187869.0,-7176960.0,,-10364829.0,133384.0,132006.0,-10231445,299401.0,-9932044,8822.0,-9923222,,-9923222,-9923222,STML,2016-09-30
795984,USD,2016,Q4,2017-03-16,2018-03-16,17886284.0,17886284.0,,,,-10426521.0,-3142260.0,-7284261.0,,-10426521.0,128306.0,128605.0,-10298215,299401.0,-9998814,-10282.0,-10009096,,-10009096,-10009096,STML,2016-12-31
795984,USD,2017,Q1,2017-05-10,2018-05-10,21810559.0,21810559.0,,,,-14988099.0,-5367775.0,-9620324.0,,-14988099.0,122688.0,122688.0,-14865411,299401.0,-14566010,,-14566010,,-14566010,-14566010,STML,2017-03-31
795984,USD,2017,Q2,2017-08-08,2018-08-09,23412409.0,23412409.0,,,,-15959660.0,-4480630.0,-11479030.0,,-15959660.0,203323.0,203323.0,-15756337,299401.0,-15456936,,-15456936,,-15456936,-15456936,STML,2017-06-30
795984,USD,2017,Q3,2017-11-09,2018-11-08,23464505.0,23464505.0,,,,-16570101.0,-4152449.0,-12417652.0,,-16570101.0,214557.0,217742.0,-16355544,299397.0,-16056147,,-16056147,,-16056147,-16056147,STML,2017-09-30
795984,USD,2017,Q4,2018-03-16,2018-03-16,23540239.0,23540239.0,,,,-21938733.0,-5213353.0,-16725380.0,,-21938733.0,189432.0,192577.0,-21749301,0.0,-21749301,0.0,-21749301,,-21749301,-21749301,STML,2017-12-31
795984,USD,2018,Q1,2018-05-10,2018-05-10,26845983.0,26845983.0,,,,-18646658.0,-5938600.0,-12708058.0,,-18646658.0,229905.0,233802.0,-18416753,,-18416753,,-18416753,,-18416753,-18416753,STML,2018-03-31
795984,USD,2018,Q2,2018-08-09,2018-08-09,28567982.0,28567982.0,,,,-19806680.0,-8622616.0,-11184064.0,,-19806680.0,377977.0,377977.0,-19428703,500000.0,-18928703,,-18928703,,-18928703,-18928703,STML,2018-06-30
795984,USD,2018,Q3,2018-11-08,2018-11-08,29018507.0,29018507.0,,,,-21405361.0,-9647336.0,-11758025.0,,-21405361.0,361365.0,361365.0,-21043996,,-21043996,,-21043996,,-21043996,-21043996,STML,2018-09-30
795984,USD,2018,Q4,2019-03-15,2019-03-15,29123132.0,29123132.0,,,,-26927987.0,-14853115.0,-12074872.0,,-26927987.0,293074.0,296682.0,-26634913,0.0,-26634913,0.0,-26634913,,-26634913,-26634913,STML,2018-12-31
795984,USD,2019,Q1,2019-05-10,2019-05-10,37550931.0,37550931.0,5048590.0,-85728.0,4962862.0,-32907790.0,-15953968.0,-16953822.0,,-27944928.0,533968.0,538584.0,-27410960,,-27410960,3694.0,-27407266,,-27407266,-27407266,STML,2019-03-31
795984,USD,2019,Q2,2019-08-06,2019-08-06,40108267.0,40108267.0,13006709.0,-583159.0,12423550.0,-29893902.0,-19002508.0,-10891394.0,,-17470352.0,610430.0,610692.0,-16859922,,-16859922,18500.0,-16841422,,-16841422,-16841422,STML,2019-06-30
795984,USD,2019,Q3,2019-11-12,2019-11-12,43733163.0,43733163.0,13332580.0,-1071673.0,12260907.0,-27745896.0,-15413688.0,-12332208.0,,-15484989.0,605224.0,604510.0,-14879765,,-14879765,-8747.0,-14888512,,-14888512,-14888512,STML,2019-09-30
795984,USD,2019,Q4,2020-03-16,2020-03-16,46971747.0,46971747.0,11828983.0,-3152779.0,8676204.0,-27023456.0,-16476469.0,-10546987.0,,-18347252.0,706248.0,749781.0,-17641004,,-17641004,-39021.0,-17680025,,-17680025,-17680025,STML,2019-12-31
