SimFinId,Currency,Fiscal Year,Fiscal Period,Publish Date,Restated Date,Shares (Basic),Shares (Diluted),Revenue,Cost of Revenue,Gross Profit,Operating Expenses,"Selling, General & Administrative",Research & Development,Depreciation & Amortization,Operating Income (Loss),Non-Operating Income (Loss),"Interest Expense, Net","Pretax Income (Loss), Adj.",Abnormal Gains (Losses),Pretax Income (Loss),"Income Tax (Expense) Benefit, Net",Income (Loss) from Continuing Operations,Net Extraordinary Gains (Losses),Net Income,Net Income (Common),Ticker,Report_Date
961219,USD,2012,Q4,2013-02-14,2015-03-02,72726723.0,81310345.0,91791000.0,,91791000.0,-66099000.0,-48124000.0,,-17975000.0,25692000.0,-13262000.0,-15034000.0,12430000,,12430000,61159000.0,73589000,,73589000,73589000,EVTC,2012-12-31
961219,USD,2013,Q1,2013-05-15,2014-05-08,72736107.0,76879263.0,87339000.0,,87339000.0,-66940000.0,-49365000.0,,-17575000.0,20399000.0,-14876000.0,-15220000.0,5523000,,5523000,-51000.0,5472000,,5472000,5472000,EVTC,2013-03-31
961219,USD,2013,Q2,2013-08-14,2014-08-07,78928780.0,78928780.0,89175000.0,,89175000.0,-72237000.0,-54395000.0,,-17842000.0,16938000.0,-86885000.0,-9698000.0,-69947000,,-69947000,5012000.0,-64935000,,-64935000,-64935000,EVTC,2013-06-30
961219,USD,2013,Q3,2013-11-07,2014-11-06,81905566.0,82862538.0,87414000.0,,87414000.0,-65550000.0,-47893000.0,,-17657000.0,21864000.0,-5703000.0,-6349000.0,16161000,,16161000,-1358000.0,14803000,,14803000,14803000,EVTC,2013-09-30
961219,USD,2013,Q4,2014-03-20,2016-05-26,82086787.0,76986659.0,94474000.0,,94474000.0,-67429000.0,-50137000.0,,-17292000.0,27045000.0,-4464000.0,-5914000.0,22581000,,22581000,-5038000.0,17543000,,17543000,17543000,EVTC,2013-12-31
961219,USD,2014,Q1,2014-05-08,2015-05-11,78375335.0,79236195.0,87433000.0,,87433000.0,-62544000.0,-45930000.0,,-16614000.0,24889000.0,-4522000.0,-6834000.0,20367000,,20367000,-2161000.0,18206000,,18206000,18206000,EVTC,2014-03-31
961219,USD,2014,Q2,2014-08-07,2015-08-07,78410554.0,79199964.0,91333000.0,,91333000.0,-65904000.0,-49514000.0,,-16390000.0,25429000.0,-5694000.0,-6422000.0,19735000,,19735000,-1962000.0,17773000,,17773000,17773000,EVTC,2014-06-30
961219,USD,2014,Q3,2014-11-06,2015-11-06,78666241.0,79216924.0,88879000.0,,88879000.0,-62419000.0,-45966000.0,,-16453000.0,26460000.0,-6287000.0,-6279000.0,20173000,,20173000,-1082000.0,19091000,,19091000,19091000,EVTC,2014-09-30
961219,USD,2014,Q4,2015-03-02,2017-02-24,77896478.0,77911473.0,94143000.0,,94143000.0,-73934000.0,-57403000.0,,-16531000.0,20209000.0,-5426000.0,-5909000.0,14783000,,14783000,-3696000.0,11087000,,11087000,11087000,EVTC,2014-12-31
961219,USD,2015,Q1,2015-05-11,2016-05-26,77807289.0,77866726.0,91497000.0,,91497000.0,-64481000.0,-47653000.0,,-16828000.0,27016000.0,-5697000.0,-6097000.0,21319000,,21319000,-2775000.0,18544000,,18544000,18544000,EVTC,2015-03-31
961219,USD,2015,Q2,2015-08-07,2016-08-02,77457322.0,77697861.0,93405000.0,,93405000.0,-65958000.0,-49952000.0,,-16006000.0,27447000.0,-5235000.0,-6083000.0,22212000,,22212000,-2645000.0,19567000,,19567000,19567000,EVTC,2015-06-30
961219,USD,2015,Q3,2015-11-06,2016-11-03,77160514.0,77292813.0,92941000.0,,92941000.0,-71467000.0,-54533000.0,,-16934000.0,21474000.0,-5485000.0,-5863000.0,15989000,,15989000,9347000.0,25336000,,25336000,25336000,EVTC,2015-09-30
961219,USD,2015,Q4,2016-02-25,2018-02-28,75840711.0,75867092.0,95685000.0,,95685000.0,-68262000.0,-53056000.0,,-15206000.0,27423000.0,-4901000.0,-5728000.0,22522000,,22522000,-592000.0,21930000,,21930000,21930000,EVTC,2015-12-31
961219,USD,2016,Q1,2016-05-26,2017-05-05,74947850.0,75017996.0,95479000.0,,95479000.0,-68913000.0,-54243000.0,,-14670000.0,26566000.0,-5523000.0,-5791000.0,21043000,,21043000,-1876000.0,19167000,,19148000,19148000,EVTC,2016-03-31
961219,USD,2016,Q2,2016-08-02,2017-08-03,74706042.0,75019485.0,97672000.0,,97672000.0,-69480000.0,-54539000.0,,-14941000.0,28192000.0,-5157000.0,-6046000.0,23035000,,23035000,-2801000.0,20234000,,20235000,20235000,EVTC,2016-06-30
961219,USD,2016,Q3,2016-11-03,2017-11-09,73872048.0,74290733.0,94467000.0,,94467000.0,-67460000.0,-52571000.0,,-14889000.0,27007000.0,-5657000.0,-6189000.0,21350000,,21350000,-1639000.0,19711000,,19680000,19680000,EVTC,2016-09-30
961219,USD,2016,Q4,2017-02-24,2019-02-26,73005512.0,73565262.0,101889000.0,,101889000.0,-76509000.0,-61442000.0,,-15067000.0,25380000.0,-7411000.0,-6214000.0,17969000,,17969000,-1955000.0,16014000,,15973000,15973000,EVTC,2016-12-31
961219,USD,2017,Q1,2017-05-05,2018-05-03,72636166.0,73154693.0,101280000.0,,101280000.0,-70688000.0,-55004000.0,,-15684000.0,30592000.0,-5434000.0,-6851000.0,25158000,,25158000,-2020000.0,23138000,,23029000,23029000,EVTC,2017-03-31
961219,USD,2017,Q2,2017-08-03,2018-08-02,72508852.0,73074591.0,103511000.0,,103511000.0,-73517000.0,-57618000.0,,-15899000.0,29994000.0,-5712000.0,-7190000.0,24282000,,24282000,-4068000.0,20214000,,20089000,20089000,EVTC,2017-06-30
961219,USD,2017,Q3,2017-11-09,2018-10-31,72386947.0,73093718.0,102725000.0,,102725000.0,-93917000.0,-77311000.0,,-16606000.0,8808000.0,-7506000.0,-7853000.0,1302000,,1302000,4840000.0,6142000,,6102000,6102000,EVTC,2017-09-30
961219,USD,2017,Q4,2018-02-28,2019-02-26,72387263.0,72165750.0,99628000.0,,99628000.0,-82939000.0,-66878000.0,,-16061000.0,16689000.0,-7232000.0,-7251000.0,9457000,,9457000,-3532000.0,5925000,,5834000,5834000,EVTC,2017-12-31
961219,USD,2018,Q1,2018-05-03,2019-05-03,72409462.0,73372835.0,110274000.0,,110274000.0,-76719000.0,-60852000.0,,-15867000.0,33555000.0,-6506000.0,-7522000.0,27049000,,27049000,-3935000.0,23114000,,23022000,23022000,EVTC,2018-03-31
961219,USD,2018,Q2,2018-08-02,2019-08-02,72637733.0,74389126.0,113347000.0,,113347000.0,-82707000.0,-66979000.0,,-15728000.0,30640000.0,-7395000.0,-7501000.0,23245000,,23245000,-3112000.0,20133000,,20052000,20052000,EVTC,2018-06-30
961219,USD,2018,Q3,2018-10-31,2019-10-31,72721414.0,74657100.0,112017000.0,,112017000.0,-79656000.0,-63868000.0,,-15788000.0,32361000.0,-5984000.0,-7352000.0,26377000,,26377000,-3302000.0,23075000,,22997000,22997000,EVTC,2018-09-30
961219,USD,2018,Q4,2019-02-26,2021-03-01,72660675.0,75261379.0,118231000.0,,118231000.0,-89659000.0,-73975000.0,,-15684000.0,28572000.0,-6078000.0,-6882000.0,22494000,,22494000,-2247000.0,20247000,,20199000,20199000,EVTC,2018-12-31
961219,USD,2019,Q1,2019-05-03,2019-05-03,72378532.0,73770066.0,118836000.0,,118836000.0,-81431000.0,-65158000.0,,-16273000.0,37405000.0,-6862000.0,-7292000.0,30543000,,30543000,-3809000.0,26734000,,26644000,26644000,EVTC,2019-03-31
961219,USD,2019,Q2,2019-08-02,2019-08-02,72128795.0,73300553.0,122548000.0,,122548000.0,-84860000.0,-67665000.0,,-17195000.0,37688000.0,-8062000.0,-7116000.0,29626000,,29626000,-2489000.0,27137000,,27058000,27058000,EVTC,2019-06-30
961219,USD,2019,Q3,2019-10-31,2019-10-31,71942403.0,73314704.0,118804000.0,,118804000.0,-84002000.0,-67030000.0,,-16972000.0,34802000.0,-6296000.0,-6919000.0,28506000,,28506000,-3720000.0,24786000,,24754000,24754000,EVTC,2019-09-30
961219,USD,2019,Q4,2020-02-27,2020-02-27,71949290.0,73517729.0,127186000.0,,127186000.0,-92579000.0,-74937000.0,,-17642000.0,34607000.0,-6607000.0,-6267000.0,28000000,,28000000,-2957000.0,25043000,,25013000,25013000,EVTC,2019-12-31
961219,USD,2020,Q1,2020-05-11,2021-04-30,72012648.0,73293005.0,121942000.0,,121942000.0,-89179000.0,-71384000.0,,-17795000.0,32763000.0,-5970000.0,-6416000.0,26793000,,26793000,-4518000.0,22275000,,22211000,22211000,EVTC,2020-03-31
