SimFinId,Currency,Fiscal Year,Fiscal Period,Publish Date,Restated Date,Shares (Basic),Shares (Diluted),Revenue,Cost of Revenue,Gross Profit,Operating Expenses,"Selling, General & Administrative",Research & Development,Depreciation & Amortization,Operating Income (Loss),Non-Operating Income (Loss),"Interest Expense, Net","Pretax Income (Loss), Adj.",Abnormal Gains (Losses),Pretax Income (Loss),"Income Tax (Expense) Benefit, Net",Income (Loss) from Continuing Operations,Net Extraordinary Gains (Losses),Net Income,Net Income (Common),Ticker,Report_Date
188255,USD,2010,Q3,2010-12-08,2011-12-08,19889000.0,20522000.0,92725000.0,-56732000.0,35993000.0,-32227000.0,-18337000.0,,-3146000.0,3766000.0,29000.0,-33000.0,3795000,,3795000,-1516000.0,2279000,,2279000,2279000,KIRK,2010-10-31
188255,USD,2010,Q4,2011-03-10,2013-04-18,19903000.0,20548000.0,139606000.0,-80521000.0,59085000.0,-36894000.0,-21571000.0,,-3523000.0,22191000.0,46000.0,44000.0,22237000,,22237000,-7855000.0,14382000,,14382000,14382000,KIRK,2011-01-31
188255,USD,2011,Q1,2011-06-07,2012-06-07,19915000.0,20660000.0,94403000.0,-56315000.0,38088000.0,-32922000.0,-18794000.0,,-3241000.0,5166000.0,-37000.0,-34000.0,5129000,,5129000,-1959000.0,3170000,,3170000,3170000,KIRK,2011-04-30
188255,USD,2011,Q2,2011-09-07,2012-09-06,19957000.0,19957000.0,89701000.0,-58856000.0,30845000.0,-31485000.0,-17565000.0,,-2733000.0,-640000.0,42000.0,-36000.0,-598000,,-598000,118000.0,-480000,,-480000,-480000,KIRK,2011-07-31
188255,USD,2011,Q3,2011-12-08,2012-12-06,19918000.0,20204000.0,97071000.0,-60938000.0,36133000.0,-34209000.0,-18828000.0,,-2914000.0,1924000.0,-4000.0,-55000.0,1920000,,1920000,-673000.0,1247000,,1247000,1247000,KIRK,2011-10-31
188255,USD,2011,Q4,2012-03-09,2014-04-17,19038000.0,20087000.0,149110000.0,-84982000.0,64128000.0,-40073000.0,-23705000.0,,-3522000.0,24055000.0,64000.0,72000.0,24119000,,24119000,-8941000.0,15178000,,15178000,15178000,KIRK,2012-01-31
188255,USD,2012,Q1,2012-06-07,2013-06-13,18269000.0,18772000.0,97788000.0,-59319000.0,38469000.0,-35299000.0,-19296000.0,,-3015000.0,3170000.0,3000.0,-80000.0,3173000,,3173000,-1218000.0,1955000,,1955000,1955000,KIRK,2012-04-30
188255,USD,2012,Q2,2012-09-06,2013-09-12,17470000.0,17470000.0,91004000.0,-61010000.0,29994000.0,-33946000.0,-18733000.0,,-3205000.0,-3952000.0,-22000.0,-67000.0,-3974000,,-3974000,1977000.0,-1997000,,-1997000,-1997000,KIRK,2012-07-31
188255,USD,2012,Q3,2012-12-06,2013-12-12,17067000.0,17067000.0,96688000.0,-62669000.0,34019000.0,-34765000.0,-19152000.0,,-3122000.0,-746000.0,-19000.0,-70000.0,-765000,,-765000,349000.0,-416000,,-416000,-416000,KIRK,2012-10-31
188255,USD,2012,Q4,2013-04-18,2015-04-14,17046000.0,18115000.0,162885000.0,-96751000.0,66134000.0,-43078000.0,-26000000.0,,-3833000.0,23056000.0,4000.0,-42000.0,23060000,,23060000,-8807000.0,14253000,,14253000,14253000,KIRK,2013-01-31
188255,USD,2013,Q1,2013-06-13,2014-06-12,17083000.0,17433000.0,101233000.0,-61827000.0,39406000.0,-36570000.0,-19928000.0,,-3791000.0,2836000.0,-6000.0,-67000.0,2830000,,2830000,-1057000.0,1773000,,1773000,1773000,KIRK,2013-04-30
188255,USD,2013,Q2,2013-09-12,2014-09-11,17174000.0,17174000.0,97123000.0,-61480000.0,35643000.0,-36717000.0,-19926000.0,,-3950000.0,-1074000.0,-19000.0,-72000.0,-1093000,,-1093000,516000.0,-577000,,-577000,-577000,KIRK,2013-07-31
188255,USD,2013,Q3,2013-12-12,2014-12-11,17269000.0,17763000.0,106134000.0,-64999000.0,41135000.0,-39441000.0,-21431000.0,,-4049000.0,1694000.0,-12000.0,-70000.0,1682000,,1682000,-674000.0,1008000,,1008000,1008000,KIRK,2013-10-31
188255,USD,2013,Q4,2014-04-17,2016-04-08,17302000.0,18370000.0,156073000.0,-91441000.0,64632000.0,-44096000.0,-25335000.0,,-4157000.0,20536000.0,4000.0,-53000.0,20540000,,20540000,-8214000.0,12326000,,12326000,12326000,KIRK,2014-01-31
188255,USD,2014,Q1,2014-06-12,2015-06-11,17308000.0,17825000.0,108255000.0,-65653000.0,42602000.0,-39243000.0,-21279000.0,,-4300000.0,3359000.0,13000.0,-69000.0,3372000,,3372000,-1317000.0,2055000,,2055000,2055000,KIRK,2014-04-30
188255,USD,2014,Q2,2014-09-11,2015-09-10,17335000.0,17335000.0,103485000.0,-65612000.0,37873000.0,-39744000.0,-21087000.0,,-4431000.0,-1871000.0,159000.0,-67000.0,-1712000,,-1712000,657000.0,-1055000,,-1055000,-1055000,KIRK,2014-07-31
188255,USD,2014,Q3,2014-12-11,2015-12-10,17258000.0,17734000.0,117198000.0,-71446000.0,45752000.0,-43781000.0,-23021000.0,,-4670000.0,1971000.0,-1000.0,-70000.0,1970000,,1970000,-710000.0,1260000,,1260000,1260000,KIRK,2014-10-31
188255,USD,2014,Q4,2015-04-14,2017-03-31,17147000.0,18278000.0,178683000.0,-102013000.0,76670000.0,-51488000.0,-29351000.0,,-5238000.0,25182000.0,8000.0,-69000.0,25190000,,25190000,-9636000.0,15554000,,15554000,15554000,KIRK,2015-01-31
188255,USD,2015,Q1,2015-06-11,2016-06-06,17238000.0,17805000.0,118310000.0,-70647000.0,47663000.0,-43566000.0,-23213000.0,,-5229000.0,4097000.0,-15000.0,-70000.0,4082000,,4082000,-1553000.0,2529000,,2529000,2529000,KIRK,2015-04-30
188255,USD,2015,Q2,2015-09-10,2016-09-06,17277000.0,17277000.0,115289000.0,-72777000.0,42512000.0,-46214000.0,-24389000.0,,-5310000.0,-3702000.0,-14000.0,-70000.0,-3716000,,-3716000,1428000.0,-2288000,,-2288000,-2288000,KIRK,2015-07-31
188255,USD,2015,Q3,2015-12-10,2016-12-08,17243000.0,17243000.0,129238000.0,-81137000.0,48101000.0,-49033000.0,-25514000.0,,-5557000.0,-932000.0,-12000.0,-70000.0,-944000,,-944000,674000.0,-270000,,-270000,-270000,KIRK,2015-10-31
188255,USD,2015,Q4,2016-04-08,2018-04-03,16766000.0,17951000.0,198970000.0,-134745000.0,64225000.0,-37497000.0,-29355000.0,,10207000.0,26728000.0,-53000.0,-136000.0,26675000,,26675000,-10073000.0,16602000,,16602000,16602000,KIRK,2016-01-31
188255,USD,2016,Q1,2016-06-06,2017-06-05,15780000.0,16101000.0,129911000.0,-80374000.0,49537000.0,-48013000.0,-25527000.0,,-5973000.0,1524000.0,-14000.0,-73000.0,1510000,,1510000,-594000.0,916000,,916000,916000,KIRK,2016-04-30
188255,USD,2016,Q2,2016-09-06,2017-09-07,15854000.0,15854000.0,123017000.0,-80744000.0,42273000.0,-48168000.0,-24930000.0,,-6295000.0,-5895000.0,-14000.0,-66000.0,-5909000,,-5909000,2342000.0,-3567000,,-3567000,-3567000,KIRK,2016-07-31
188255,USD,2016,Q3,2016-12-08,2017-11-30,15897000.0,15897000.0,138240000.0,-87762000.0,50478000.0,-52086000.0,-27050000.0,,-6435000.0,-1608000.0,-6000.0,-67000.0,-1614000,,-1614000,768000.0,-846000,,-846000,-846000,KIRK,2016-10-31
188255,USD,2016,Q4,2017-03-31,2018-04-03,15905000.0,16728000.0,203160000.0,-142956000.0,60204000.0,-37226000.0,-32770000.0,,12360000.0,22978000.0,10000.0,-70000.0,22988000,,22988000,-8445000.0,14543000,,14543000,14543000,KIRK,2017-01-31
188255,USD,2017,Q1,2017-06-05,2018-06-07,15913000.0,15913000.0,132841000.0,-89993000.0,42848000.0,-45126000.0,-26510000.0,,-1621000.0,-2278000.0,25000.0,-61000.0,-2253000,,-2253000,818000.0,-1435000,,-1435000,-1435000,KIRK,2017-04-30
188255,USD,2017,Q2,2017-09-07,2018-09-13,15974000.0,15974000.0,131683000.0,-91597000.0,40086000.0,-45782000.0,-25974000.0,,-1729000.0,-5696000.0,68000.0,-65000.0,-5628000,,-5628000,1856000.0,-3772000,,-3772000,-3772000,KIRK,2017-07-31
188255,USD,2017,Q3,2017-11-30,2017-11-30,16013000.0,16013000.0,144979000.0,-94441000.0,50538000.0,-54305000.0,-28072000.0,,-6806000.0,-3767000.0,160000.0,-69000.0,-3607000,,-3607000,1245000.0,-2362000,,-2362000,-2362000,KIRK,2017-10-31
188255,USD,2017,Q4,2018-04-03,2018-04-03,15992000.0,16764000.0,224614000.0,-150550000.0,74064000.0,-52971000.0,-36339000.0,,3166000.0,21093000.0,211000.0,-80000.0,21304000,,21304000,-8439000.0,12865000,,12865000,12865000,KIRK,2018-01-31
188255,USD,2018,Q1,2018-06-07,2018-06-07,15808000.0,15808000.0,142454000.0,-97142000.0,45312000.0,-46932000.0,-27849000.0,,-1764000.0,-1620000.0,266000.0,-65000.0,-1354000,,-1354000,472000.0,-882000,,-882000,-882000,KIRK,2018-04-30
188255,USD,2018,Q2,2018-09-13,2018-09-13,15726000.0,15726000.0,133899000.0,-97101000.0,36798000.0,-45759000.0,-26020000.0,,-1774000.0,-8961000.0,204000.0,-66000.0,-8757000,,-8757000,2042000.0,-6715000,,-6715000,-6715000,KIRK,2018-07-31
188255,USD,2018,Q3,2018-12-06,2018-12-06,15486000.0,15486000.0,154571000.0,-107918000.0,46653000.0,-50271000.0,-29621000.0,,-1867000.0,-3618000.0,155000.0,-69000.0,-3463000,,-3463000,683000.0,-2780000,,-2780000,-2780000,KIRK,2018-10-31
188255,USD,2018,Q4,2019-03-29,2019-03-29,14760000.0,15244000.0,216147000.0,-141841000.0,74306000.0,-55226000.0,83490000.0,,-1829000.0,19080000.0,305000.0,-67000.0,19385000,,19385000,-5228000.0,14157000,,14157000,14157000,KIRK,2019-01-31
188255,USD,2019,Q1,2019-06-06,2019-06-06,14372000.0,14372000.0,129648000.0,-93429000.0,36219000.0,-47029000.0,-27056000.0,,-1839000.0,-10810000.0,258000.0,-70000.0,-10552000,-1878000.0,-12430000,3509000.0,-8921000,,-8921000,-8921000,KIRK,2019-04-30
188255,USD,2019,Q2,2019-09-05,2019-09-05,14110000.0,14110000.0,119885000.0,-93312000.0,26573000.0,-45554000.0,-27162000.0,,-1736000.0,-18981000.0,158000.0,-68000.0,-18823000,-1981000.0,-20804000,3684000.0,-17120000,,-17120000,-17120000,KIRK,2019-07-31
188255,USD,2019,Q3,2019-12-05,2020-12-03,13867000.0,13867000.0,144936000.0,-104800000.0,40136000.0,-50925000.0,-29115000.0,,-1602000.0,-10789000.0,-11000.0,-169000.0,-10800000,-3392000.0,-14192000,-8114000.0,-22306000,,-22306000,-22306000,KIRK,2019-10-31
188255,USD,2019,Q4,2020-04-10,2020-04-10,13931000.0,13931000.0,209411000.0,-146905000.0,62506000.0,-55738000.0,83333000.0,,-1527000.0,6768000.0,49000.0,-150000.0,6817000,-11978000.0,-5161000,243000.0,-4918000,,-4918000,-4918000,KIRK,2020-01-31
