SimFinId,Currency,Fiscal Year,Fiscal Period,Publish Date,Restated Date,Shares (Basic),Shares (Diluted),Revenue,Cost of Revenue,Gross Profit,Operating Expenses,"Selling, General & Administrative",Research & Development,Depreciation & Amortization,Operating Income (Loss),Non-Operating Income (Loss),"Interest Expense, Net","Pretax Income (Loss), Adj.",Abnormal Gains (Losses),Pretax Income (Loss),"Income Tax (Expense) Benefit, Net",Income (Loss) from Continuing Operations,Net Extraordinary Gains (Losses),Net Income,Net Income (Common),Ticker,Report_Date
109664,USD,2015,Q2,2015-07-29,2016-07-26,1218000000.0,1224000000.0,2297000000.0,-634000000.0,1663000000.0,-1264000000.0,-449000000.0,-202000000.0,-150000000.0,399000000.0,1000000.0,,400000000,-1000000.0,399000000,-94000000.0,305000000,,305000000,305000000,PYPL,2015-06-30
109664,USD,2015,Q3,2015-10-29,2016-10-25,1221000000.0,1227000000.0,2258000000.0,-651000000.0,1607000000.0,-1277000000.0,-442000000.0,-197000000.0,-153000000.0,330000000.0,20000000.0,,350000000,,350000000,-49000000.0,301000000,,301000000,301000000,PYPL,2015-09-30
109664,USD,2015,Q4,2016-02-11,2018-02-07,1231000000.0,1241000000.0,2556000000.0,-750000000.0,1806000000.0,-1396000000.0,-480000000.0,-208000000.0,-164000000.0,410000000.0,7000000.0,,417000000,1000000.0,418000000,-51000000.0,367000000,,367000000,367000000,PYPL,2015-12-31
109664,USD,2016,Q1,2016-04-28,2017-04-27,1216000000.0,1225000000.0,2544000000.0,-752000000.0,1792000000.0,-1385000000.0,-464000000.0,-195000000.0,-175000000.0,407000000.0,15000000.0,,422000000,,422000000,-57000000.0,365000000,,365000000,365000000,PYPL,2016-03-31
109664,USD,2016,Q2,2016-07-26,2017-07-27,1210000000.0,1215000000.0,2650000000.0,-810000000.0,1840000000.0,-1469000000.0,-511000000.0,-209000000.0,-176000000.0,371000000.0,9000000.0,,380000000,,380000000,-57000000.0,323000000,,323000000,323000000,PYPL,2016-06-30
109664,USD,2016,Q3,2016-10-25,2017-10-24,1207000000.0,1214000000.0,2667000000.0,-830000000.0,1837000000.0,-1489000000.0,-494000000.0,-215000000.0,-184000000.0,348000000.0,12000000.0,,360000000,,360000000,-37000000.0,323000000,,323000000,323000000,PYPL,2016-09-30
109664,USD,2016,Q4,2017-02-08,2019-02-07,1207000000.0,1218000000.0,2981000000.0,-954000000.0,2027000000.0,-1567000000.0,-528000000.0,-215000000.0,-189000000.0,460000000.0,9000000.0,,469000000,,469000000,-79000000.0,390000000,,390000000,390000000,PYPL,2016-12-31
109664,USD,2017,Q1,2017-04-27,2018-04-26,1203000000.0,1216000000.0,2975000000.0,-987000000.0,1988000000.0,-1517000000.0,-503000000.0,-214000000.0,-183000000.0,471000000.0,7000000.0,,478000000,-40000000.0,438000000,-54000000.0,384000000,,384000000,384000000,PYPL,2017-03-31
109664,USD,2017,Q2,2017-07-27,2018-07-26,1202000000.0,1215000000.0,3136000000.0,-1064000000.0,2072000000.0,-1642000000.0,-566000000.0,-232000000.0,-201000000.0,430000000.0,17000000.0,,447000000,,447000000,-36000000.0,411000000,,411000000,411000000,PYPL,2017-06-30
109664,USD,2017,Q3,2017-10-24,2018-10-23,1202000000.0,1223000000.0,3239000000.0,-1102000000.0,2137000000.0,-1714000000.0,-571000000.0,-240000000.0,-194000000.0,423000000.0,28000000.0,,451000000,,451000000,-71000000.0,380000000,,380000000,380000000,PYPL,2017-09-30
109664,USD,2017,Q4,2018-02-07,2019-02-07,1205000000.0,1230000000.0,3744000000.0,-1266000000.0,2478000000.0,-1543000000.0,-643000000.0,-267000000.0,-227000000.0,935000000.0,21000000.0,,956000000,-92000000.0,864000000,-244000000.0,620000000,,620000000,620000000,PYPL,2017-12-31
109664,USD,2018,Q1,2018-04-26,2018-04-26,1192000000.0,1217000000.0,3685000000.0,-1275000000.0,2410000000.0,-1723000000.0,-624000000.0,-258000000.0,-185000000.0,687000000.0,14000000.0,,701000000,-153000000.0,548000000,-37000000.0,511000000,,511000000,511000000,PYPL,2018-03-31
109664,USD,2018,Q2,2018-07-26,2018-07-26,1187000000.0,1202000000.0,3857000000.0,-1362000000.0,2495000000.0,-1807000000.0,-681000000.0,-255000000.0,-180000000.0,688000000.0,37000000.0,,725000000,-116000000.0,609000000,-83000000.0,526000000,,526000000,526000000,PYPL,2018-06-30
109664,USD,2018,Q3,2018-10-23,2018-10-23,1181000000.0,1199000000.0,3683000000.0,-1366000000.0,2317000000.0,-1799000000.0,-680000000.0,-269000000.0,-188000000.0,518000000.0,43000000.0,,561000000,-28000000.0,533000000,-97000000.0,436000000,,436000000,436000000,PYPL,2018-09-30
109664,USD,2018,Q4,2019-02-07,2021-02-05,1176000000.0,1194000000.0,4226000000.0,-1578000000.0,2648000000.0,-2038000000.0,-870000000.0,-1049000000.0,553000000.0,610000000.0,88000000.0,,698000000,-12000000.0,686000000,-102000000.0,584000000,,584000000,584000000,PYPL,2018-12-31
109664,USD,2019,Q1,2019-04-25,2019-04-25,1171000000.0,1188000000.0,4128000000.0,-1549000000.0,2579000000.0,-1988000000.0,-748000000.0,-511000000.0,,591000000.0,199000000.0,,790000000,-73000000.0,717000000,-50000000.0,667000000,,667000000,667000000,PYPL,2019-03-31
109664,USD,2019,Q2,2019-07-25,2019-07-25,1175000000.0,1187000000.0,4305000000.0,-1627000000.0,2678000000.0,-1975000000.0,-775000000.0,-483000000.0,,703000000.0,238000000.0,,941000000,2000000.0,943000000,-120000000.0,823000000,,823000000,823000000,PYPL,2019-06-30
109664,USD,2019,Q3,2019-10-24,2020-11-03,1175000000.0,1188000000.0,4378000000.0,-1701000000.0,2677000000.0,-1980000000.0,-717000000.0,-533000000.0,,697000000.0,-213000000.0,,484000000,,484000000,-22000000.0,462000000,,462000000,462000000,PYPL,2019-09-30
109664,USD,2019,Q4,2020-02-06,2020-11-03,1175000000.0,1189000000.0,4961000000.0,-1913000000.0,3048000000.0,-2249000000.0,-872000000.0,-558000000.0,,799000000.0,55000000.0,,854000000,0.0,854000000,-347000000.0,507000000,,507000000,507000000,PYPL,2019-12-31
109664,USD,2020,Q1,2020-05-07,2021-05-06,1173000000.0,1185000000.0,4618000000.0,-1739000000.0,2879000000.0,-2452000000.0,-857000000.0,-605000000.0,,427000000.0,-135000000.0,,292000000,-29000000.0,263000000,-179000000.0,84000000,,84000000,84000000,PYPL,2020-03-31
