SimFinId,Currency,Fiscal Year,Fiscal Period,Publish Date,Restated Date,Shares (Basic),Shares (Diluted),Revenue,Cost of Revenue,Gross Profit,Operating Expenses,"Selling, General & Administrative",Research & Development,Depreciation & Amortization,Operating Income (Loss),Non-Operating Income (Loss),"Interest Expense, Net","Pretax Income (Loss), Adj.",Abnormal Gains (Losses),Pretax Income (Loss),"Income Tax (Expense) Benefit, Net",Income (Loss) from Continuing Operations,Net Extraordinary Gains (Losses),Net Income,Net Income (Common),Ticker,Report_Date
33021,USD,2011,Q3,2011-08-31,2012-08-17,9289000.0,9289000.0,26611000.0,-18412000.0,8199000.0,-8782000.0,-8782000.0,,,-583000.0,,,-583000,,-583000,106000.0,-477000,,-477000,-477000,BRID,2011-08-31
33021,USD,2011,Q4,2012-01-17,2013-01-18,9180060.0,9180060.0,37665000.0,-26604000.0,11061000.0,-12215000.0,-12215000.0,,,-1154000.0,,,-1154000,,-1154000,166000.0,-988000,,-988000,-988000,BRID,2011-11-30
33021,USD,2012,Q1,2012-03-02,2013-03-08,9195000.0,9195000.0,29715000.0,-21152000.0,8563000.0,-8841000.0,-8841000.0,,,-278000.0,,,-278000,,-278000,,-278000,,-278000,-278000,BRID,2012-02-29
33021,USD,2012,Q2,2012-05-31,2013-05-31,9188000.0,9188000.0,27313000.0,-17572000.0,9741000.0,-8701000.0,-8701000.0,,,1040000.0,,,1040000,,1040000,,1040000,,1040000,1040000,BRID,2012-05-31
33021,USD,2012,Q3,2012-08-31,2013-08-23,9180000.0,9180000.0,27862000.0,-17661000.0,10201000.0,-9340000.0,-9340000.0,,,861000.0,,,861000,,861000,,861000,,861000,861000,BRID,2012-08-31
33021,USD,2012,Q4,2013-01-18,2014-01-17,9167952.0,9167952.0,42465000.0,-26674000.0,15791000.0,-13398000.0,-13398000.0,,,2393000.0,,,2393000,,2393000,-365000.0,2028000,,2028000,2028000,BRID,2012-11-30
33021,USD,2013,Q1,2013-03-08,2014-03-07,9158000.0,9158000.0,30771000.0,-18738000.0,12033000.0,-10139000.0,-10139000.0,,,1894000.0,,,1894000,,1894000,-172000.0,1722000,,1722000,1722000,BRID,2013-02-28
33021,USD,2013,Q2,2013-05-31,2014-05-30,9156000.0,9156000.0,28584000.0,-18807000.0,9777000.0,-9655000.0,-9655000.0,,,122000.0,,,122000,,122000,-11000.0,111000,,111000,111000,BRID,2013-05-31
33021,USD,2013,Q3,2013-08-31,2014-08-25,9154000.0,9154000.0,29294000.0,-19809000.0,9485000.0,-9480000.0,-9480000.0,,,5000.0,,,5000,,5000,-24000.0,-19000,,-19000,-19000,BRID,2013-08-31
33021,USD,2013,Q4,2014-01-17,2015-01-16,9139756.0,9139756.0,40354000.0,-26212000.0,14142000.0,-13078000.0,-13078000.0,,,1064000.0,,,1064000,,1064000,38000.0,1102000,,1102000,1102000,BRID,2013-11-30
33021,USD,2014,Q1,2014-03-07,2015-03-06,9132000.0,9132000.0,32466000.0,-22198000.0,10268000.0,-10021000.0,-10021000.0,,,247000.0,,,247000,,247000,-13000.0,234000,,234000,234000,BRID,2014-02-28
33021,USD,2014,Q2,2014-05-31,2015-05-29,9127000.0,9127000.0,31243000.0,-22308000.0,8935000.0,-10215000.0,-10215000.0,,,-1280000.0,,,-1280000,,-1280000,0.0,-1280000,,-1280000,-1280000,BRID,2014-05-31
33021,USD,2014,Q3,2014-08-31,2015-08-21,9121000.0,9121000.0,27915000.0,-20486000.0,7429000.0,-9812000.0,-9812000.0,,,-2383000.0,,,-2383000,,-2383000,0.0,-2383000,,-2383000,-2383000,BRID,2014-08-31
33021,USD,2014,Q4,2015-01-16,2016-01-15,9114372.0,9114372.0,41777000.0,-29752000.0,12025000.0,-13041000.0,-13041000.0,,,-1016000.0,,,-1016000,,-1016000,101000.0,-915000,,-915000,-915000,BRID,2014-11-30
33021,USD,2015,Q1,2015-03-06,2016-03-04,9113000.0,9113000.0,34712000.0,-25095000.0,9617000.0,-9150000.0,-9150000.0,,,467000.0,,,467000,,467000,0.0,467000,,467000,467000,BRID,2015-02-28
33021,USD,2015,Q2,2015-05-31,2016-05-27,9104000.0,9104000.0,26696000.0,-16419000.0,10277000.0,-8075000.0,-8075000.0,,,2202000.0,,,2202000,,2202000,0.0,2202000,,2202000,2202000,BRID,2015-05-31
33021,USD,2015,Q3,2015-08-31,2016-08-19,9095000.0,9095000.0,26489000.0,-15869000.0,10620000.0,-8623000.0,-8623000.0,,,1997000.0,,,1997000,,1997000,-142000.0,1855000,,1855000,1855000,BRID,2015-08-31
33021,USD,2015,Q4,2016-01-15,2017-01-13,9082968.0,9082968.0,42551000.0,-26196000.0,16355000.0,-12903000.0,-12903000.0,,,3452000.0,,,3452000,,3452000,7466000.0,10918000,,10918000,10918000,BRID,2015-11-30
33021,USD,2016,Q1,2016-03-04,2017-03-03,9079000.0,9079000.0,36156000.0,-22377000.0,13779000.0,-10678000.0,-10678000.0,,,3101000.0,,,3101000,,3101000,-1229000.0,1872000,,1872000,1872000,BRID,2016-02-29
33021,USD,2016,Q2,2016-05-31,2017-05-26,9077000.0,9077000.0,31145000.0,-18914000.0,12231000.0,-9760000.0,-9760000.0,,,2471000.0,,,2471000,,2471000,-979000.0,1492000,,1492000,1492000,BRID,2016-05-31
33021,USD,2016,Q3,2016-08-31,2017-08-18,9077000.0,9077000.0,29892000.0,-17719000.0,12173000.0,-9862000.0,-9862000.0,,,2311000.0,,,2311000,,2311000,-489000.0,1822000,,1822000,1822000,BRID,2016-08-31
33021,USD,2016,Q4,2017-01-13,2018-01-12,9077424.0,9077424.0,42870000.0,-25840000.0,17030000.0,-14077000.0,-14077000.0,,,2953000.0,,,2953000,,2953000,-369000.0,2584000,,2584000,2584000,BRID,2016-11-30
33021,USD,2017,Q1,2017-03-03,2018-03-09,9077000.0,9077000.0,40081000.0,-25166000.0,14915000.0,-11465000.0,-11465000.0,,,3450000.0,,,3450000,,3450000,-976000.0,2474000,,2474000,2474000,BRID,2017-02-28
33021,USD,2017,Q2,2017-05-31,2018-06-01,9077000.0,9077000.0,34097000.0,-21140000.0,12957000.0,-10952000.0,-10952000.0,,,2005000.0,,,2005000,24000.0,2029000,-714000.0,1315000,,1315000,1315000,BRID,2017-05-31
33021,USD,2017,Q3,2017-08-31,2018-08-24,9077000.0,9077000.0,36609000.0,-22590000.0,14019000.0,-10941000.0,-10941000.0,,,3078000.0,,,3078000,24000.0,3102000,-1043000.0,2059000,,2059000,2059000,BRID,2017-08-31
33021,USD,2017,Q4,2018-01-12,2019-01-18,9076328.0,9076328.0,56436000.0,-36741000.0,19695000.0,-15458000.0,-15458000.0,,,4237000.0,,,4237000,10000.0,4247000,-1266000.0,2981000,,2981000,2981000,BRID,2017-11-30
33021,USD,2018,Q1,2018-03-09,2018-03-09,9077000.0,9077000.0,41192000.0,-27233000.0,13959000.0,-11864000.0,-11864000.0,,,2095000.0,,,2095000,,2095000,-3722000.0,-1627000,,-1627000,-1627000,BRID,2018-02-28
33021,USD,2018,Q2,2018-06-01,2018-06-01,9077000.0,9077000.0,37900000.0,-25840000.0,12060000.0,-11613000.0,-11613000.0,,,447000.0,,,447000,5995000.0,6442000,-1808000.0,4634000,,4634000,4634000,BRID,2018-05-31
33021,USD,2018,Q3,2018-08-31,2018-08-31,9077000.0,9077000.0,38468000.0,-26034000.0,12434000.0,-10730000.0,-10730000.0,,,1704000.0,,,1704000,0.0,1704000,-256000.0,1448000,,1448000,1448000,BRID,2018-08-31
33021,USD,2018,Q4,2019-01-18,2019-01-18,9076328.0,9076328.0,56697000.0,-38644000.0,18053000.0,-15722000.0,-15722000.0,,,2331000.0,,,2331000,241000.0,2572000,-510000.0,2062000,,2062000,2062000,BRID,2018-11-30
33021,USD,2019,Q1,2019-03-08,2019-03-08,9076832.0,9076832.0,45041000.0,-29387000.0,15654000.0,-13087000.0,-13087000.0,,,2567000.0,,,2567000,0.0,2567000,-691000.0,1876000,,1876000,1876000,BRID,2019-02-28
33021,USD,2019,Q2,2019-05-31,2019-05-31,9076832.0,9076832.0,41443000.0,-27042000.0,14401000.0,-11608000.0,-11608000.0,,,2793000.0,,,2793000,0.0,2793000,-573000.0,2220000,,2220000,2220000,BRID,2019-05-31
33021,USD,2019,Q3,2019-08-31,2020-08-21,9076832.0,9076832.0,42837000.0,-29422000.0,13415000.0,-11819000.0,-11819000.0,,,1596000.0,,,1596000,9000.0,1605000,-500000.0,1105000,,1105000,1105000,BRID,2019-08-31
33021,USD,2019,Q4,2020-01-24,2020-08-21,9076832.0,9076832.0,59464000.0,-41270000.0,18194000.0,-16323000.0,-16323000.0,,,1871000.0,,,1871000,-299000.0,1572000,-289000.0,1283000,,1283000,1283000,BRID,2019-11-30
33021,USD,2020,Q1,2020-03-06,2020-03-06,9076832.0,9076832.0,46642000.0,-31588000.0,15054000.0,-12618000.0,-12618000.0,,,2436000.0,,,2436000,13000.0,2449000,-590000.0,1859000,,1859000,1859000,BRID,2020-02-29
