SimFinId,Currency,Fiscal Year,Fiscal Period,Publish Date,Restated Date,Shares (Basic),Shares (Diluted),Revenue,Cost of Revenue,Gross Profit,Operating Expenses,"Selling, General & Administrative",Research & Development,Depreciation & Amortization,Operating Income (Loss),Non-Operating Income (Loss),"Interest Expense, Net","Pretax Income (Loss), Adj.",Abnormal Gains (Losses),Pretax Income (Loss),"Income Tax (Expense) Benefit, Net",Income (Loss) from Continuing Operations,Net Extraordinary Gains (Losses),Net Income,Net Income (Common),Ticker,Report_Date
625336,USD,2013,Q4,2014-03-17,2016-03-07,33000000.0,33000000.0,208770000.0,-86505000.0,122265000.0,-85713000.0,-63285000.0,,-4157000.0,36552000.0,-5203000.0,-5050000.0,31349000,,31349000,-11635000.0,19714000,,19714000,19714000,ENVA,2013-12-31
625336,USD,2014,Q1,2014-05-08,2015-05-08,33000000.0,33000000.0,208465000.0,-66436000.0,142029000.0,-74908000.0,-52905000.0,,-4118000.0,67121000.0,-4855000.0,-4754000.0,62266000,,62266000,-22211000.0,40055000,,40055000,40055000,ENVA,2014-03-31
625336,USD,2014,Q2,2014-08-11,2015-08-11,33000000.0,33000000.0,201482000.0,-66840000.0,134642000.0,-79198000.0,-57759000.0,,-4316000.0,55444000.0,-7610000.0,-7311000.0,47834000,,47834000,-17205000.0,30629000,,30629000,30629000,ENVA,2014-06-30
625336,USD,2014,Q3,2014-11-11,2015-11-12,33000000.0,33000000.0,205168000.0,-72919000.0,132249000.0,-89260000.0,-64560000.0,,-5338000.0,42989000.0,-13291000.0,-13136000.0,29698000,,29698000,-11213000.0,18485000,,18485000,18485000,ENVA,2014-09-30
625336,USD,2014,Q4,2015-02-11,2017-02-24,33000000.0,33032000.0,194722000.0,-60592000.0,134130000.0,-84676000.0,-60513000.0,,-4960000.0,49454000.0,-12753000.0,-13273000.0,36701000,,36701000,-14199000.0,22502000,,22502000,22502000,ENVA,2014-12-31
625336,USD,2015,Q1,2015-05-08,2016-05-06,33000000.0,33008000.0,165676000.0,-38570000.0,127106000.0,-73017000.0,-49722000.0,,-5283000.0,54089000.0,-14249000.0,-13305000.0,39840000,,39840000,-15310000.0,24530000,,24530000,24530000,ENVA,2015-03-31
625336,USD,2015,Q2,2015-08-11,2016-08-04,33000000.0,33015000.0,146280000.0,-41536000.0,104744000.0,-74383000.0,-51796000.0,,-5033000.0,30361000.0,-12935000.0,-12904000.0,17426000,,17426000,-6562000.0,10864000,,10864000,10864000,ENVA,2015-06-30
625336,USD,2015,Q3,2015-11-12,2016-11-02,33000000.0,33022000.0,165227000.0,-65614000.0,99613000.0,-80667000.0,-58195000.0,,-3882000.0,18946000.0,-13504000.0,-13292000.0,5442000,,5442000,-1025000.0,4417000,,4417000,4417000,ENVA,2015-09-30
625336,USD,2015,Q4,2016-03-07,2018-02-26,33024000.0,33059000.0,175417000.0,-71138000.0,104279000.0,-83288000.0,-59242000.0,,-4190000.0,20991000.0,-13180000.0,-13382000.0,7811000,,7811000,-3630000.0,4181000,,4181000,4181000,ENVA,2015-12-31
625336,USD,2016,Q1,2016-06-13,2017-05-03,33142000.0,33187000.0,174653000.0,-69577000.0,105076000.0,-73227000.0,-49106000.0,,-3987000.0,31849000.0,-14347000.0,-15915000.0,17502000,,17502000,-7639000.0,9863000,,9863000,9863000,ENVA,2016-03-31
625336,USD,2016,Q2,2016-08-04,2017-08-02,33175000.0,33335000.0,172535000.0,-65453000.0,107082000.0,-78275000.0,-53112000.0,,-4228000.0,28807000.0,-15555000.0,-16026000.0,13252000,,13252000,-5064000.0,8188000,,8188000,8188000,ENVA,2016-06-30
625336,USD,2016,Q3,2016-11-02,2017-11-01,33211000.0,33558000.0,195943000.0,-95391000.0,100552000.0,-72455000.0,-48029000.0,,-3789000.0,28097000.0,-15972000.0,-16117000.0,12125000,,12125000,-4288000.0,7837000,,7837000,7837000,ENVA,2016-09-30
625336,USD,2016,Q4,2017-02-24,2019-02-27,33240000.0,33768000.0,202438000.0,-97545000.0,104893000.0,-72169000.0,-45113000.0,,-3560000.0,32724000.0,-18167000.0,-17545000.0,14557000,,14557000,-5843000.0,8714000,,8714000,8714000,ENVA,2016-12-31
625336,USD,2017,Q1,2017-05-03,2018-05-02,33372000.0,34036000.0,192263000.0,-81884000.0,110379000.0,-72307000.0,-45279000.0,,-3497000.0,38072000.0,-16995000.0,-17222000.0,21077000,,21077000,-7225000.0,13852000,,13852000,13852000,ENVA,2017-03-31
625336,USD,2017,Q2,2017-08-02,2018-08-01,33553000.0,34125000.0,189904000.0,-79862000.0,110042000.0,-74839000.0,-49655000.0,,-3366000.0,35203000.0,-16950000.0,-17012000.0,18253000,,18253000,-6380000.0,11873000,,11873000,11873000,ENVA,2017-06-30
625336,USD,2017,Q3,2017-11-01,2018-10-31,33670000.0,33670000.0,217878000.0,-107341000.0,110537000.0,-82860000.0,-52164000.0,,-3533000.0,27677000.0,-18227000.0,-18292000.0,9450000,-14927000.0,-5477000,2109000.0,-3368000,,-3368000,-3368000,ENVA,2017-09-30
625336,USD,2017,Q4,2018-02-26,2019-02-27,33497000.0,34697000.0,243696000.0,-127545000.0,116151000.0,-82689000.0,-56054000.0,,-3992000.0,33462000.0,-21447000.0,-21477000.0,12015000,-7968000.0,4047000,2836000.0,6883000,,6883000,6883000,ENVA,2017-12-31
625336,USD,2018,Q1,2018-05-02,2019-05-01,33669000.0,34572000.0,254298000.0,-108553000.0,145745000.0,-84033000.0,-54657000.0,,-3838000.0,61712000.0,-21761000.0,-19673000.0,39951000,-4710000.0,35241000,-7343000.0,27898000,,27898000,27898000,ENVA,2018-03-31
625336,USD,2018,Q2,2018-08-01,2018-08-01,33984000.0,35371000.0,253301000.0,-121494000.0,131807000.0,-88713000.0,-57681000.0,,-3837000.0,43094000.0,-19559000.0,-19355000.0,23535000,,23535000,-5310000.0,18225000,,18225000,18225000,ENVA,2018-06-30
625336,USD,2018,Q3,2018-10-31,2018-10-31,34168000.0,35665000.0,293879000.0,-163763000.0,130116000.0,-92319000.0,-60371000.0,,-3688000.0,37797000.0,-20217000.0,-20244000.0,17580000,-12469000.0,5111000,10193000.0,15304000,,15304000,15304000,ENVA,2018-09-30
625336,USD,2018,Q4,2019-02-27,2021-02-26,34151000.0,35096000.0,171143000.0,-109595000.0,61548000.0,-28605000.0,-28394000.0,,-2837000.0,32943000.0,-20145000.0,-20092000.0,12798000,-7812000.0,4986000,-2841000.0,2145000,6526000.0,8671000,8671000,ENVA,2018-12-31
625336,USD,2019,Q1,2019-05-01,2019-05-01,33481000.0,34421000.0,293183000.0,-139045000.0,154138000.0,-87019000.0,-53235000.0,,-4184000.0,67119000.0,-19643000.0,-19500000.0,47476000,-2321000.0,45155000,-10138000.0,35017000,,35017000,35017000,ENVA,2019-03-31
625336,USD,2019,Q2,2019-07-31,2019-07-31,33826000.0,34469000.0,285700000.0,-138297000.0,147403000.0,-97133000.0,-60780000.0,,-3942000.0,50270000.0,-18153000.0,-18115000.0,32117000,,32117000,-7054000.0,25063000,,25063000,25063000,ENVA,2019-06-30
625336,USD,2019,Q3,2019-10-30,2019-10-30,33997000.0,34577000.0,329513000.0,-171266000.0,158247000.0,-103806000.0,-65780000.0,,-3716000.0,54441000.0,-18244000.0,-18232000.0,36197000,,36197000,-9112000.0,27085000,,27085000,27085000,ENVA,2019-09-30
625336,USD,2019,Q4,2020-02-27,2020-02-27,33556000.0,34125000.0,266361000.0,-154286000.0,112075000.0,-35695000.0,-44541000.0,,-3213000.0,76380000.0,-19780000.0,-19757000.0,56600000,0.0,56600000,-15749000.0,40851000,-91404000.0,-50553000,-50553000,ENVA,2019-12-31
625336,USD,2020,Q1,2020-05-05,2021-05-03,32337000.0,32833000.0,362252000.0,-235719000.0,126533000.0,-97445000.0,-62509000.0,,-3670000.0,29088000.0,-20340000.0,-20381000.0,8748000,,8748000,-3000000.0,5748000,-288000.0,5460000,5460000,ENVA,2020-03-31
