SimFinId,Currency,Fiscal Year,Fiscal Period,Publish Date,Restated Date,Shares (Basic),Shares (Diluted),Revenue,Cost of Revenue,Gross Profit,Operating Expenses,"Selling, General & Administrative",Research & Development,Depreciation & Amortization,Operating Income (Loss),Non-Operating Income (Loss),"Interest Expense, Net","Pretax Income (Loss), Adj.",Abnormal Gains (Losses),Pretax Income (Loss),"Income Tax (Expense) Benefit, Net",Income (Loss) from Continuing Operations,Net Extraordinary Gains (Losses),Net Income,Net Income (Common),Ticker,Report_Date
918357,USD,2014,Q1,2014-05-14,2015-05-07,,,1994699000.0,-1864419000.0,130280000.0,-48204000.0,-27411000.0,,-3955000.0,82076000.0,-7906000.0,-7906000.0,74170000,,74170000,-1038000.0,73132000,,73132000,75335000,SRLP,2014-03-31
918357,USD,2014,Q2,2014-08-13,2015-08-06,,,979661000.0,-953788000.0,25873000.0,-30612000.0,-11124000.0,,-4130000.0,-4739000.0,-6546000.0,-6546000.0,-11285000,,-11285000,681000.0,-10604000,,-10604000,-9494000,SRLP,2014-06-30
918357,USD,2014,Q3,2014-11-12,2015-11-05,,,897408000.0,-860669000.0,36739000.0,-33697000.0,-14923000.0,,-4373000.0,3042000.0,-6695000.0,-6695000.0,-3653000,,-3653000,-1649000.0,-5302000,,-5302000,-10718000,SRLP,2014-09-30
918357,USD,2014,Q4,2015-03-16,2017-03-10,,,1197994000.0,-1076155000.0,121839000.0,-44525000.0,-22962000.0,,-5167000.0,77314000.0,-8223000.0,-7935000.0,69091000,,69091000,-3503000.0,65588000,,65588000,63611000,SRLP,2014-12-31
918357,USD,2015,Q1,2015-05-07,2016-05-06,,,1598358000.0,-1490373000.0,107985000.0,-56256000.0,-32381000.0,,-4992000.0,51729000.0,-7140000.0,-7654000.0,44589000,,44589000,-650000.0,43939000,,43939000,43939000,SRLP,2015-03-31
918357,USD,2015,Q2,2015-08-06,2016-08-05,,,661743000.0,-616059000.0,45684000.0,-41744000.0,-18918000.0,,-5185000.0,3940000.0,-6342000.0,-6342000.0,-2402000,,-2402000,-148000.0,-2550000,,-2550000,-2599000,SRLP,2015-06-30
918357,USD,2015,Q3,2015-11-05,2016-11-07,,,558022000.0,-498537000.0,59485000.0,-42952000.0,-19894000.0,,-5188000.0,16533000.0,-6261000.0,-6261000.0,10272000,,10272000,-1692000.0,8580000,,8580000,8475000,SRLP,2015-09-30
918357,USD,2015,Q4,2016-03-10,2018-03-14,,,663791000.0,-583955000.0,79836000.0,-45261000.0,-23210000.0,,-4977000.0,34575000.0,-6870000.0,-6654000.0,27705000,,27705000,674000.0,28379000,,28379000,28212000,SRLP,2015-12-31
918357,USD,2016,Q1,2016-05-06,2017-05-08,,,722907000.0,-639620000.0,83287000.0,-45990000.0,-24130000.0,,-5031000.0,37297000.0,-6951000.0,-6856000.0,30346000,,30346000,-525000.0,29821000,,29821000,29546000,SRLP,2016-03-31
918357,USD,2016,Q2,2016-08-05,2017-08-09,,,477487000.0,-441107000.0,36380000.0,-40399000.0,-18234000.0,,-5641000.0,-4019000.0,-6299000.0,-6299000.0,-10318000,,-10318000,573000.0,-9745000,,-9745000,-10126000,SRLP,2016-06-30
918357,USD,2016,Q3,2016-11-07,2017-11-07,,,422779000.0,-383211000.0,39568000.0,-40789000.0,-19735000.0,,-5329000.0,-1221000.0,-6664000.0,-6645000.0,-7885000,,-7885000,-909000.0,-8794000,,-8794000,-9282000,SRLP,2016-09-30
918357,USD,2016,Q4,2017-03-10,2019-03-14,,,766825000.0,-715151000.0,51674000.0,-44198000.0,-22158000.0,,-5236000.0,7476000.0,-7345000.0,-7345000.0,131000,,131000,-1247000.0,-1116000,,-1116000,-1714000,SRLP,2016-12-31
918357,USD,2017,Q1,2017-05-08,2018-05-08,,,917807000.0,-795146000.0,122661000.0,-49053000.0,-26289000.0,,-5932000.0,73608000.0,-7007000.0,-7071000.0,66601000,,66601000,-2102000.0,64499000,,64499000,63757000,SRLP,2017-03-31
918357,USD,2017,Q2,2017-08-09,2018-08-08,,,513626000.0,-469058000.0,44568000.0,-43475000.0,-19624000.0,,-6950000.0,1093000.0,-8072000.0,-8191000.0,-6979000,,-6979000,-813000.0,-7792000,,-7792000,-8646000,SRLP,2017-06-30
918357,USD,2017,Q3,2017-11-07,2018-11-07,,,491393000.0,-456656000.0,34737000.0,-41105000.0,-17559000.0,,-6655000.0,-6368000.0,-7095000.0,-7095000.0,-13463000,,-13463000,-853000.0,-14316000,,-14316000,-15340000,SRLP,2017-09-30
918357,USD,2017,Q4,2018-03-14,2019-03-14,,,932170000.0,-881928000.0,50242000.0,-54358000.0,-24110000.0,,-8588000.0,-4116000.0,-8724000.0,-8649000.0,-12840000,,-12840000,-54000.0,-12894000,,-12894000,-14267000,SRLP,2017-12-31
918357,USD,2018,Q1,2018-05-08,2019-05-08,,,1331148000.0,-1183982000.0,147166000.0,-59498000.0,-27864000.0,,-8425000.0,87668000.0,-9772000.0,-9772000.0,77896000,,77896000,-2975000.0,74921000,,74921000,73207000,SRLP,2018-03-31
918357,USD,2018,Q2,2018-08-08,2018-08-08,,,741656000.0,-696673000.0,44983000.0,-49221000.0,-18562000.0,,-8378000.0,-4238000.0,-9243000.0,-9243000.0,-13481000,,-13481000,286000.0,-13195000,,-13195000,-15250000,SRLP,2018-06-30
918357,USD,2018,Q3,2018-11-07,2018-11-07,,,618455000.0,-581624000.0,36831000.0,-46313000.0,-16923000.0,,-8343000.0,-9482000.0,-8657000.0,-8950000.0,-18139000,,-18139000,-295000.0,-18434000,,-18434000,-20489000,SRLP,2018-09-30
918357,USD,2018,Q4,2019-03-14,2021-03-05,,,1079874000.0,-983106000.0,96768000.0,-47804000.0,-17450000.0,,-8232000.0,48964000.0,-10389000.0,-10389000.0,38575000,,38575000,-2048000.0,36527000,,36527000,34472000,SRLP,2018-12-31
918357,USD,2019,Q1,2019-05-08,2019-05-08,,,1258308000.0,-1159112000.0,99196000.0,-53090000.0,-20913000.0,,-8388000.0,46106000.0,-11772000.0,-11772000.0,34334000,,34334000,-413000.0,33921000,,33921000,31866000,SRLP,2019-03-31
918357,USD,2019,Q2,2019-08-07,2019-08-07,,,662018000.0,-608660000.0,53358000.0,-47310000.0,-17827000.0,,-8408000.0,6048000.0,-9770000.0,-9898000.0,-3722000,,-3722000,-1056000.0,-4778000,,-4778000,-6833000,SRLP,2019-06-30
918357,USD,2019,Q3,2019-11-07,2019-11-07,,,582590000.0,-534420000.0,48170000.0,-46497000.0,-17570000.0,,-8466000.0,1673000.0,-9797000.0,-9797000.0,-8124000,,-8124000,-1610000.0,-9734000,,-9734000,-9734000,SRLP,2019-09-30
918357,USD,2019,Q4,2020-03-05,2020-03-05,,,999494000.0,-925811000.0,73683000.0,-50177000.0,-21825000.0,,-8753000.0,23506000.0,-11428000.0,-10922000.0,12078000,,12078000,-231000.0,11847000,,11847000,9794000,SRLP,2019-12-31
918357,USD,2020,Q1,2020-05-07,2021-05-06,,,959879000.0,-850020000.0,109859000.0,-49443000.0,-20033000.0,,-8598000.0,60416000.0,-11111000.0,-11111000.0,49305000,,49305000,-2571000.0,46734000,,46734000,44662000,SRLP,2020-03-31
