SimFinId,Currency,Fiscal Year,Fiscal Period,Publish Date,Restated Date,Shares (Basic),Shares (Diluted),Revenue,Cost of Revenue,Gross Profit,Operating Expenses,"Selling, General & Administrative",Research & Development,Depreciation & Amortization,Operating Income (Loss),Non-Operating Income (Loss),"Interest Expense, Net","Pretax Income (Loss), Adj.",Abnormal Gains (Losses),Pretax Income (Loss),"Income Tax (Expense) Benefit, Net",Income (Loss) from Continuing Operations,Net Extraordinary Gains (Losses),Net Income,Net Income (Common),Ticker,Report_Date
259186,USD,2010,Q2,2010-07-30,2011-08-01,329338000.0,341346000.0,456001000.0,-78211000.0,377790000.0,-291438000.0,-223450000.0,-67988000.0,,86352000.0,-74000.0,421000.0,86278000,,86278000,-30801000.0,55477000,,55477000,55477000,CERN,2010-06-30
259186,USD,2010,Q3,2010-10-29,2011-10-28,330190000.0,341442000.0,462683000.0,-79148000.0,383535000.0,-289543000.0,-222286000.0,-67257000.0,,93992000.0,92000.0,87000.0,94084000,,94084000,-33212000.0,60872000,,60872000,60872000,CERN,2010-09-30
259186,USD,2010,Q4,2011-02-16,2013-02-08,331972000.0,343568000.0,500201000.0,-94913000.0,405288000.0,-301955000.0,-231128000.0,-70827000.0,,103333000.0,1154000.0,,104487000,,104487000,-33850000.0,70637000,,70637000,70637000,CERN,2010-12-31
259186,USD,2011,Q1,2011-04-29,2012-04-27,334220000.0,345306000.0,491664000.0,-90680000.0,400984000.0,-307285000.0,-236141000.0,-71144000.0,,93699000.0,2011000.0,1976000.0,95710000,,95710000,-31154000.0,64556000,,64556000,64556000,CERN,2011-03-31
259186,USD,2011,Q2,2011-08-01,2012-07-27,336598000.0,347182000.0,524223000.0,-98482000.0,425741000.0,-317768000.0,-247978000.0,-69790000.0,,107973000.0,2880000.0,,110853000,,110853000,-38809000.0,72044000,,72044000,72044000,CERN,2011-06-30
259186,USD,2011,Q3,2011-10-28,2012-10-26,338280000.0,348566000.0,571640000.0,-120464000.0,451176000.0,-330784000.0,-258240000.0,-72544000.0,,120392000.0,2775000.0,,123167000,,123167000,-44332000.0,78835000,,78835000,78835000,CERN,2011-09-30
259186,USD,2011,Q4,2012-02-15,2014-02-05,339970000.0,349882000.0,615626000.0,-132046000.0,483580000.0,-345846000.0,-272523000.0,-73323000.0,,137734000.0,2230000.0,,139964000,,139964000,-48772000.0,91192000,,91192000,91192000,CERN,2011-12-31
259186,USD,2012,Q1,2012-04-27,2013-04-26,339936000.0,350054000.0,641212000.0,-158008000.0,483204000.0,-355765000.0,-284620000.0,-71145000.0,,127439000.0,2624000.0,,130063000,,130063000,-41355000.0,88708000,,88708000,88708000,CERN,2012-03-31
259186,USD,2012,Q2,2012-07-27,2013-07-26,341426000.0,351268000.0,637358000.0,-147500000.0,489858000.0,-353775000.0,-280268000.0,-73507000.0,,136083000.0,2814000.0,,138897000,,138897000,-41068000.0,97829000,,97829000,97829000,CERN,2012-06-30
259186,USD,2012,Q3,2012-10-26,2013-10-25,342502000.0,351739000.0,676482000.0,-149578000.0,526904000.0,-379208000.0,-301114000.0,-78094000.0,,147696000.0,3351000.0,,151047000,,151047000,-52160000.0,98887000,,98887000,98887000,CERN,2012-09-30
259186,USD,2012,Q4,2013-02-08,2015-02-11,343580000.0,352515000.0,710384000.0,-153111000.0,557273000.0,-396829000.0,-318205000.0,-78624000.0,,160444000.0,7257000.0,,167701000,,167701000,-55893000.0,111808000,,111808000,111808000,CERN,2012-12-31
259186,USD,2013,Q1,2013-04-26,2014-04-25,344063000.0,352825000.0,680029000.0,-127229000.0,552800000.0,-396231000.0,-315168000.0,-81063000.0,,156569000.0,3044000.0,,159613000,,159613000,-49573000.0,110040000,,110040000,110040000,CERN,2013-03-31
259186,USD,2013,Q2,2013-07-26,2014-07-25,343800000.0,352485000.0,707561000.0,-125800000.0,581761000.0,-415305000.0,-333023000.0,-82282000.0,,166456000.0,2733000.0,,169189000,,169189000,-56282000.0,112907000,,112907000,112907000,CERN,2013-06-30
259186,USD,2013,Q3,2013-10-25,2014-10-24,342992000.0,351449000.0,727830000.0,-119577000.0,608253000.0,-439015000.0,-356017000.0,-82998000.0,,169238000.0,3509000.0,,172747000,,172747000,-57403000.0,115344000,,115344000,115344000,CERN,2013-09-30
259186,USD,2013,Q4,2014-02-05,2016-02-17,343689000.0,352365000.0,795328000.0,-142116000.0,653212000.0,-556669000.0,-464226000.0,-92443000.0,,96543000.0,2756000.0,,99299000,-12794000.0,86505000,-26442000.0,60063000,,60063000,60063000,CERN,2013-12-31
259186,USD,2014,Q1,2014-04-25,2015-05-08,343701000.0,352230000.0,784761000.0,-129099000.0,655662000.0,-477659000.0,-386114000.0,-91545000.0,,178003000.0,2990000.0,,180993000,,180993000,-61467000.0,119526000,,119526000,119526000,CERN,2014-03-31
259186,USD,2014,Q2,2014-07-25,2015-08-05,341788000.0,349794000.0,851762000.0,-162369000.0,689393000.0,-494531000.0,-397205000.0,-97326000.0,,194862000.0,2737000.0,,197599000,-3229000.0,194370000,-65337000.0,129033000,,129033000,129033000,CERN,2014-06-30
259186,USD,2014,Q3,2014-10-24,2015-11-04,341188000.0,349326000.0,840149000.0,-140065000.0,700084000.0,-508320000.0,-411294000.0,-97026000.0,,191764000.0,2181000.0,,193945000,-3610000.0,190335000,-61333000.0,129002000,,129002000,129002000,CERN,2014-09-30
259186,USD,2014,Q4,2015-02-11,2017-02-10,341923000.0,350194000.0,926031000.0,-172844000.0,753187000.0,-541256000.0,-434348000.0,-106908000.0,,211931000.0,3182000.0,,215113000,-6637000.0,208476000,-60604000.0,147872000,,147872000,147872000,CERN,2014-12-31
259186,USD,2015,Q1,2015-05-08,2016-05-06,343216000.0,351659000.0,996089000.0,-168660000.0,827429000.0,-642264000.0,-514993000.0,-127271000.0,,185165000.0,208000.0,,185373000,-18253000.0,167120000,-56186000.0,110934000,,110934000,110934000,CERN,2015-03-31
259186,USD,2015,Q2,2015-08-05,2016-08-03,344431000.0,352450000.0,1125997000.0,-192322000.0,933675000.0,-737431000.0,-598980000.0,-138451000.0,,196244000.0,-1079000.0,,195165000,-24508000.0,170657000,-55619000.0,115038000,,115038000,115038000,CERN,2015-06-30
259186,USD,2015,Q3,2015-11-04,2016-11-02,344040000.0,351364000.0,1127887000.0,-190583000.0,937304000.0,-697400000.0,-564586000.0,-132814000.0,,239904000.0,317000.0,,240221000,-24550000.0,215671000,-68389000.0,147282000,,147282000,147282000,CERN,2015-09-30
259186,USD,2015,Q4,2016-02-17,2017-02-10,341025000.0,348159000.0,1175294000.0,-199216000.0,976078000.0,-724728000.0,-583465000.0,-141263000.0,,251350000.0,798000.0,,252148000,-24216000.0,227932000,-61824000.0,166108000,,166108000,166108000,CERN,2015-12-31
259186,USD,2016,Q1,2016-05-06,2017-04-28,339518000.0,345900000.0,1138135000.0,-175593000.0,962542000.0,-725493000.0,-591961000.0,-133532000.0,,237049000.0,1681000.0,,238730000,-21601000.0,217129000,-66769000.0,150360000,,150360000,150360000,CERN,2016-03-31
259186,USD,2016,Q2,2016-08-03,2017-07-28,337759000.0,344026000.0,1215962000.0,-205556000.0,1010406000.0,-745456000.0,-610292000.0,-135164000.0,,264950000.0,2470000.0,,267420000,-23638000.0,243782000,-77328000.0,166454000,,166454000,166454000,CERN,2016-06-30
259186,USD,2016,Q3,2016-11-02,2016-11-02,338684000.0,344817000.0,1184557000.0,-182970000.0,1001587000.0,-736497000.0,-599742000.0,-136755000.0,,265090000.0,-417000.0,,264673000,-22865000.0,241808000,-71829000.0,169979000,,169979000,169979000,CERN,2016-09-30
259186,USD,2016,Q4,2017-02-10,2017-02-10,334999000.0,339869000.0,1257819000.0,-214997000.0,1042822000.0,-808352000.0,-662385000.0,-145967000.0,,234470000.0,3687000.0,,238157000,-22442000.0,215715000,-66024000.0,149691000,,149691000,149691000,CERN,2016-12-31
259186,USD,2017,Q1,2017-04-28,2017-04-28,329973000.0,336190000.0,1260486000.0,-198993000.0,1061493000.0,-794493000.0,-648592000.0,-145901000.0,,267000000.0,-1116000.0,,265884000,-22874000.0,243010000,-69797000.0,173213000,,173213000,173213000,CERN,2017-03-31
259186,USD,2017,Q2,2017-07-28,2017-07-28,331056000.0,337898000.0,1291994000.0,-223063000.0,1068931000.0,-796855000.0,-654020000.0,-142835000.0,,272076000.0,2661000.0,,274737000,-22688000.0,252049000,-72366000.0,179683000,,179683000,179683000,CERN,2017-06-30
259186,USD,2017,Q3,2017-10-27,2017-10-27,331993000.0,338780000.0,1276007000.0,-202904000.0,1073103000.0,-802633000.0,-648799000.0,-153834000.0,,270470000.0,2509000.0,,272979000,-22564000.0,250415000,-72991000.0,177424000,,177424000,177424000,CERN,2017-09-30
259186,USD,2017,Q4,2018-02-12,2018-02-12,332470000.0,339128000.0,1313785000.0,-229131000.0,1084654000.0,-843153000.0,-680677000.0,-162476000.0,,241501000.0,2604000.0,,244105000,-22450000.0,221655000,115003000.0,336658000,,336658000,336658000,CERN,2017-12-31
259186,USD,2018,Q1,2018-05-03,2018-05-03,332395000.0,336534000.0,1292861000.0,-231278000.0,1061583000.0,-843859000.0,-682242000.0,-161617000.0,,217724000.0,4864000.0,,222588000,-22509000.0,200079000,-40078000.0,160001000,,160001000,160001000,CERN,2018-03-31
259186,USD,2018,Q2,2018-08-03,2018-08-03,330206000.0,333562000.0,1367727000.0,-238783000.0,1128944000.0,-898847000.0,-730569000.0,-168278000.0,,230097000.0,6597000.0,,236694000,-21810000.0,214884000,-45527000.0,169357000,,169357000,169357000,CERN,2018-06-30
259186,USD,2018,Q3,2018-10-26,2018-10-26,329342000.0,332937000.0,1340073000.0,-230332000.0,1109741000.0,-881032000.0,-708735000.0,-172297000.0,,228709000.0,6943000.0,,235652000,-21553000.0,214099000,-44718000.0,169381000,,169381000,169381000,CERN,2018-09-30
259186,USD,2018,Q4,2019-02-08,2019-02-08,328393000.0,331255000.0,1365664000.0,-236955000.0,1128709000.0,-346791000.0,-761619000.0,502192000.0,-87364000.0,781918000.0,7662000.0,,789580000,-617791000.0,171789000,-40469000.0,131320000,,131320000,131320000,CERN,2018-12-31
259186,USD,2019,Q1,2019-04-26,2019-04-26,324573000.0,327003000.0,1389877000.0,-253204000.0,1136673000.0,-916744000.0,-736383000.0,-180361000.0,,219929000.0,8432000.0,,228361000,-21985000.0,206376000,-40157000.0,166219000,,166219000,166219000,CERN,2019-03-31
259186,USD,2019,Q2,2019-07-25,2019-07-25,321280000.0,324662000.0,1431061000.0,-268673000.0,1162388000.0,-1009730000.0,-828683000.0,-181047000.0,,152658000.0,23006000.0,,175664000,-21541000.0,154123000,-27154000.0,126969000,,126969000,126969000,CERN,2019-06-30
259186,USD,2019,Q3,2019-10-25,2019-10-25,315876000.0,319113000.0,1429428000.0,-271778000.0,1157650000.0,-1047590000.0,-860064000.0,-187526000.0,,110060000.0,13535000.0,,123595000,-21283000.0,102312000,-20377000.0,81935000,,81935000,81935000,CERN,2019-09-30
259186,USD,2019,Q4,2020-02-10,2020-02-10,311187000.0,314162000.0,1442232000.0,-277386000.0,1164846000.0,-309688000.0,-770805000.0,548934000.0,-87817000.0,855158000.0,8870000.0,,864028000,-672327000.0,191701000,-37370000.0,154331000,,154331000,154331000,CERN,2019-12-31
259186,USD,2020,Q1,2020-04-29,2021-05-05,309657000.0,312240000.0,1411741000.0,-891065000.0,520676000.0,-342300000.0,-139852000.0,-185320000.0,-17128000.0,178376000.0,5595000.0,,183971000,,183971000,-36812000.0,147159000,,147159000,147159000,CERN,2020-03-31
