SimFinId,Currency,Fiscal Year,Fiscal Period,Publish Date,Restated Date,Shares (Basic),Shares (Diluted),Revenue,Cost of Revenue,Gross Profit,Operating Expenses,"Selling, General & Administrative",Research & Development,Depreciation & Amortization,Operating Income (Loss),Non-Operating Income (Loss),"Interest Expense, Net","Pretax Income (Loss), Adj.",Abnormal Gains (Losses),Pretax Income (Loss),"Income Tax (Expense) Benefit, Net",Income (Loss) from Continuing Operations,Net Extraordinary Gains (Losses),Net Income,Net Income (Common),Ticker,Report_Date
712450,USD,2011,Q2,2011-08-11,2013-10-22,736955.0,736955.0,34356000.0,-27104000.0,7252000.0,-6441000.0,-3167000.0,,-705000.0,811000.0,-1871000.0,-1852000.0,-1060000,-3287000.0,-4347000,-124000.0,-4471000,-91000.0,-4397000,-4397000,RHE,2011-06-30
712450,USD,2011,Q3,2011-11-09,2013-10-22,939208.0,1109889.0,40522000.0,-32637000.0,7885000.0,-6040000.0,-3267000.0,,-836000.0,1845000.0,-2243000.0,-2223000.0,-398000,3540000.0,3142000,-204000.0,2938000,-158000.0,3528000,3528000,RHE,2011-09-30
712450,USD,2011,Q4,2012-03-19,2013-07-08,1089148.0,918466.0,32304000.0,-26903000.0,5401000.0,-7329000.0,-3923000.0,,-1171000.0,-1928000.0,-1886000.0,-1870000.0,-3814000,-340000.0,-4154000,199000.0,-3955000,-874000.0,-4530000,-4530000,RHE,2011-12-31
712450,USD,2012,Q1,2012-05-10,2013-10-22,1018343.0,1018343.0,46831000.0,-38807000.0,8024000.0,-7768000.0,-3993000.0,,-1710000.0,256000.0,-2692000.0,-2678000.0,-2436000,117000.0,-2319000,15000.0,-2304000,-109000.0,-2268000,-2268000,RHE,2012-03-31
712450,USD,2012,Q2,2012-08-07,2013-10-22,1121468.0,1121468.0,51791000.0,-40316000.0,11475000.0,-7989000.0,-4345000.0,,-1594000.0,3486000.0,-3457000.0,-3444000.0,29000,-171000.0,-142000,-33000.0,-175000,-170000.0,-204000,-204000,RHE,2012-06-30
712450,USD,2012,Q3,2012-11-13,2013-11-14,1207683.0,1207683.0,53221000.0,-44475000.0,8746000.0,-7530000.0,-3957000.0,,-1760000.0,1216000.0,-3924000.0,-3695000.0,-2708000,-1947000.0,-4655000,-111000.0,-4766000,126000.0,-4506000,-4506000,RHE,2012-09-30
712450,USD,2012,Q4,2013-07-08,2014-03-31,1328302.0,1328302.0,42234000.0,-37102000.0,5132000.0,-7367000.0,-4710000.0,,-1474000.0,-2235000.0,-2738000.0,-2870000.0,-4973000,-1200000.0,-6173000,32000.0,-6141000,5999000.0,94000,-62000,RHE,2012-12-31
712450,USD,2013,Q1,2013-07-26,2014-05-08,1223094.0,1223094.0,54680000.0,-46007000.0,8673000.0,-9519000.0,-4928000.0,,-1720000.0,-846000.0,-3169000.0,-3169000.0,-4015000,2043000.0,-1972000,-78000.0,-2050000,-700000.0,-2558000,-2864000,RHE,2013-03-31
712450,USD,2013,Q2,2013-08-14,2014-08-11,1230008.0,1230008.0,54859000.0,-45851000.0,9008000.0,-9038000.0,-4505000.0,,-1778000.0,-30000.0,-3087000.0,-3087000.0,-3117000,-2463000.0,-5580000,0.0,-5580000,-1365000.0,-6704000,-7010000,RHE,2013-06-30
712450,USD,2013,Q3,2013-11-14,2014-11-13,1246335.0,1246335.0,53647000.0,-43802000.0,9845000.0,-8371000.0,-4583000.0,,-1779000.0,1474000.0,-3189000.0,-3204000.0,-1715000,1944000.0,229000,54000.0,283000,-696000.0,-218000,-524000,RHE,2013-09-30
712450,USD,2013,Q4,2014-03-31,2015-03-31,1313224.0,1313224.0,22564000.0,-16917000.0,5647000.0,-7876000.0,-5016000.0,,-1641000.0,-2229000.0,-3212000.0,-2891000.0,-5441000,798000.0,-4643000,-118000.0,-4761000,1506000.0,-3087000,-3733000,RHE,2013-12-31
712450,USD,2014,Q1,2014-05-08,2015-05-14,1409103.0,1409103.0,47305000.0,-38576000.0,8729000.0,-8004000.0,-4559000.0,,-1786000.0,725000.0,-2732000.0,-2622000.0,-2007000,-583000.0,-2590000,-8000.0,-2598000,75000.0,-2350000,-2996000,RHE,2014-03-31
712450,USD,2014,Q2,2014-08-11,2015-08-13,1434509.0,1434509.0,20067000.0,-16013000.0,4054000.0,-8240000.0,-4179000.0,,-1856000.0,-4186000.0,-2684000.0,-2601000.0,-6870000,0.0,-6870000,0.0,-6870000,4075000.0,-2638000,-3284000,RHE,2014-06-30
712450,USD,2014,Q3,2014-11-13,2015-11-16,1510562.0,1510562.0,5101000.0,-4168000.0,933000.0,-7309000.0,-3575000.0,,-1861000.0,-6376000.0,-3038000.0,-2594000.0,-9414000,-1228000.0,-10642000,244000.0,-10398000,6850000.0,-3330000,-3976000,RHE,2014-09-30
712450,USD,2014,Q4,2015-03-31,2016-03-30,1620102.0,1620102.0,-69148000.0,58757000.0,-10391000.0,-3970000.0,-3383000.0,,-1890000.0,-14361000.0,-3002000.0,-2860000.0,-17363000,-592000.0,-17955000,-367000.0,-18322000,12783000.0,-5281000,-5927000,RHE,2014-12-31
712450,USD,2015,Q1,2015-05-14,2016-05-16,1600859.0,1600859.0,1558000.0,,1558000.0,-5595000.0,-3331000.0,,-1675000.0,-4037000.0,-2778000.0,-2490000.0,-6815000,-680000.0,-7495000,-20000.0,-7515000,2266000.0,-5019000,-5665000,RHE,2015-03-31
712450,USD,2015,Q2,2015-08-13,2016-08-15,1647258.0,1647258.0,4461000.0,,4461000.0,-5815000.0,-2569000.0,,-1798000.0,-1354000.0,-2472000.0,-2279000.0,-3826000,0.0,-3826000,0.0,-3826000,-1537000.0,-5093000,-6530000,RHE,2015-06-30
712450,USD,2015,Q3,2015-11-16,2016-11-14,1652505.0,1652505.0,6130000.0,,6130000.0,-6070000.0,-2114000.0,,-1911000.0,60000.0,-2098000.0,-1830000.0,-2038000,0.0,-2038000,0.0,-2038000,-3057000.0,-4811000,-6310000,RHE,2015-09-30
712450,USD,2015,Q4,2016-03-30,2017-04-17,1656754.0,1656754.0,6251000.0,,6251000.0,-8561000.0,-2530000.0,,-1961000.0,-2310000.0,-2032000.0,-1863000.0,-4342000,0.0,-4342000,-90000.0,-4432000,-2564000.0,-8595000,-10221000,RHE,2015-12-31
712450,USD,2016,Q1,2016-05-16,2017-05-15,1656421.0,1656421.0,7082000.0,,7082000.0,-6637000.0,-2542000.0,,-1713000.0,445000.0,-1867000.0,-1825000.0,-1422000,0.0,-1422000,0.0,-1422000,-528000.0,-1950000,-3727000,RHE,2016-03-31
712450,USD,2016,Q2,2016-08-15,2017-08-14,1658253.0,1658253.0,7164000.0,,7164000.0,-6611000.0,-2135000.0,,-1339000.0,553000.0,-1760000.0,-1751000.0,-1207000,0.0,-1207000,0.0,-1207000,-3775000.0,-4982000,-6783000,RHE,2016-06-30
712450,USD,2016,Q3,2016-11-14,2017-11-14,1659086.0,1659086.0,7165000.0,,7165000.0,-5139000.0,-1598000.0,,-1124000.0,2026000.0,-1801000.0,-1801000.0,225000,0.0,225000,-3000.0,222000,-2210000.0,-1988000,-3867000,RHE,2016-09-30
712450,USD,2016,Q4,2017-04-17,2018-04-16,1654255.0,1654255.0,6190000.0,,6190000.0,-4695000.0,-1439000.0,,-1120000.0,1495000.0,-1793000.0,-1772000.0,-298000,8505000.0,8207000,166000.0,8373000,-6915000.0,1458000,-420000,RHE,2016-12-31
712450,USD,2017,Q1,2017-05-15,2018-05-21,1651423.0,1651423.0,6135000.0,,6135000.0,-5483000.0,-1446000.0,,-1135000.0,652000.0,-1127000.0,-1032000.0,-475000,-63000.0,-538000,-1000.0,-539000,-413000.0,-952000,-2830000,RHE,2017-03-31
712450,USD,2017,Q2,2017-08-14,2018-08-14,1646508.0,1646508.0,6304000.0,,6304000.0,-4486000.0,-654000.0,,-1171000.0,1818000.0,-1194000.0,-1006000.0,624000,0.0,624000,0.0,624000,-604000.0,20000,-1892000,RHE,2017-06-30
712450,USD,2017,Q3,2017-11-14,2017-11-14,1646175.0,1646175.0,6345000.0,,6345000.0,-4944000.0,-1063000.0,,-1193000.0,1401000.0,-1116000.0,-1011000.0,285000,0.0,285000,-19000.0,266000,-1032000.0,-766000,-2678000,RHE,2017-09-30
712450,USD,2017,Q4,2018-04-16,2018-04-16,1642260.0,1642260.0,6364000.0,,6364000.0,-5097000.0,-1325000.0,,-1369000.0,1267000.0,-1132000.0,-1046000.0,135000,0.0,135000,208000.0,343000,370000.0,713000,-1199000,RHE,2017-12-31
712450,USD,2018,Q1,2018-05-21,2018-05-21,1640760.0,1640760.0,5987000.0,,5987000.0,-6709000.0,-879000.0,,-1221000.0,-722000.0,-1284000.0,-1275000.0,-2006000,-441000.0,-2447000,-26000.0,-2473000,-55000.0,-2528000,-4440000,RHE,2018-03-31
712450,USD,2018,Q2,2018-08-14,2018-08-14,1671165.0,1671165.0,5314000.0,,5314000.0,-6641000.0,-888000.0,,-1160000.0,-1327000.0,-1538000.0,-1537000.0,-2865000,0.0,-2865000,-7000.0,-2872000,-344000.0,-3216000,-5128000,RHE,2018-06-30
712450,USD,2018,Q3,2018-11-14,2018-11-14,1681577.0,1681577.0,5256000.0,,5256000.0,-4625000.0,-984000.0,,-1126000.0,631000.0,-1783000.0,-1783000.0,-1152000,-3514000.0,-4666000,0.0,-4666000,157000.0,-4509000,-6421000,RHE,2018-09-30
712450,USD,2018,Q4,2019-05-17,2019-05-17,1710498.0,1710498.0,5489000.0,,5489000.0,-4863000.0,-941000.0,,-1127000.0,626000.0,-1376000.0,-1334000.0,-750000,-1279000.0,-2029000,71000.0,-1958000,316000.0,-1642000,-3891000,RHE,2018-12-31
712450,USD,2019,Q1,2019-06-18,2019-06-18,1688000.0,1688000.0,5424000.0,,5424000.0,-4070000.0,-926000.0,,-1023000.0,1354000.0,-1661000.0,-1654000.0,-307000,357000.0,50000,-44000.0,6000,178000.0,184000,-2065000,RHE,2019-03-31
712450,USD,2019,Q2,2019-08-14,2019-08-14,1688000.0,1688000.0,5301000.0,,5301000.0,-3684000.0,-895000.0,,-841000.0,1617000.0,-1771000.0,-1724000.0,-154000,-1221000.0,-1375000,0.0,-1375000,132000.0,-1243000,-3492000,RHE,2019-06-30
712450,USD,2019,Q3,2019-11-12,2019-11-12,1688000.0,1688000.0,4830000.0,,4830000.0,-3538000.0,-730000.0,,-797000.0,1292000.0,-1109000.0,-1157000.0,183000,5527000.0,5710000,0.0,5710000,101000.0,5811000,3561000,RHE,2019-09-30
712450,USD,2019,Q4,2020-03-27,2020-03-27,1688000.0,1688000.0,4579000.0,,4579000.0,-3380000.0,-641000.0,,-777000.0,1199000.0,-730000.0,-730000.0,469000,20000.0,489000,44000.0,533000,215000.0,748000,-1501000,RHE,2019-12-31
712450,USD,2020,Q1,2020-06-11,2021-05-14,1688000.0,1688000.0,4548000.0,-151000.0,4397000.0,-3517000.0,-877000.0,,-776000.0,880000.0,-859000.0,-715000.0,21000,2000.0,23000,,23000,-37000.0,-14000,-2263000,RHE,2020-03-31
