SimFinId,Currency,Fiscal Year,Fiscal Period,Publish Date,Restated Date,Shares (Basic),Shares (Diluted),Revenue,Cost of Revenue,Gross Profit,Operating Expenses,"Selling, General & Administrative",Research & Development,Depreciation & Amortization,Operating Income (Loss),Non-Operating Income (Loss),"Interest Expense, Net","Pretax Income (Loss), Adj.",Abnormal Gains (Losses),Pretax Income (Loss),"Income Tax (Expense) Benefit, Net",Income (Loss) from Continuing Operations,Net Extraordinary Gains (Losses),Net Income,Net Income (Common),Ticker,Report_Date
412984,USD,2010,Q3,2010-08-04,2011-08-08,64427000.0,65037000.0,166637000.0,-63139000.0,103498000.0,-18128000.0,-9339000.0,,-9611000.0,85370000.0,-523000.0,-523000.0,84847000,,84847000,-25853000.0,58994000,,58994000,58994000,ATW,2010-06-30
412984,USD,2010,Q4,2010-11-04,2012-11-19,64438000.0,64949000.0,160613000.0,-65477000.0,95136000.0,-17666000.0,-9937000.0,,-8063000.0,77470000.0,-611000.0,-611000.0,76859000,,76859000,-12596000.0,64263000,,64263000,64263000,ATW,2010-09-30
412984,USD,2011,Q1,2011-02-08,2012-02-06,64528000.0,65184000.0,146286000.0,-58344000.0,87942000.0,-24406000.0,-15664000.0,,-8803000.0,63536000.0,-296000.0,-296000.0,63240000,,63240000,-10390000.0,52850000,,52850000,52850000,ATW,2010-12-31
412984,USD,2011,Q2,2011-05-05,2012-05-04,64720000.0,65409000.0,159085000.0,-50402000.0,108683000.0,-17852000.0,-9074000.0,,-8794000.0,90831000.0,-346000.0,-346000.0,90485000,,90485000,-19874000.0,70611000,,70611000,70611000,ATW,2011-03-31
412984,USD,2011,Q3,2011-08-08,2012-08-03,64820000.0,65470000.0,162147000.0,-53004000.0,109143000.0,-20137000.0,-9742000.0,,-10395000.0,89006000.0,-1803000.0,-1803000.0,87203000,,87203000,-11918000.0,75285000,,75285000,75285000,ATW,2011-06-30
412984,USD,2011,Q4,2011-11-22,2013-11-14,64948000.0,65549000.0,177558000.0,-61815000.0,115743000.0,-30456000.0,-9927000.0,,-15605000.0,85287000.0,-1368000.0,-1368000.0,83919000,,83919000,-10991000.0,72928000,,72928000,72928000,ATW,2011-09-30
412984,USD,2012,Q1,2012-02-06,2013-02-01,65024000.0,65541000.0,184672000.0,-78344000.0,106328000.0,-29457000.0,-14094000.0,,-15363000.0,76871000.0,1060000.0,-517000.0,77931000,,77931000,-12463000.0,65468000,,65468000,65468000,ATW,2011-12-31
412984,USD,2012,Q2,2012-05-04,2013-05-03,65276000.0,65781000.0,171621000.0,-79342000.0,92279000.0,-27821000.0,-11552000.0,,-15406000.0,64458000.0,-966000.0,-966000.0,63492000,,63492000,-4026000.0,59466000,,59466000,59466000,ATW,2012-03-31
412984,USD,2012,Q3,2012-08-03,2013-08-02,65362000.0,65823000.0,178603000.0,-87374000.0,91229000.0,-27780000.0,-11856000.0,,-15650000.0,63449000.0,-1459000.0,-1459000.0,61990000,,61990000,-10279000.0,51711000,,51711000,51711000,ATW,2012-06-30
412984,USD,2012,Q4,2012-11-19,2014-11-13,65406000.0,65979000.0,252525000.0,-102119000.0,150406000.0,-35317000.0,-12274000.0,,-24180000.0,115089000.0,-4741000.0,-3164000.0,110348000,-457000.0,109891000,-14365000.0,95526000,,95526000,95526000,ATW,2012-09-30
412984,USD,2013,Q1,2013-02-01,2014-02-06,65528000.0,66092000.0,245093000.0,-111916000.0,133177000.0,-44806000.0,-17221000.0,,-27578000.0,88371000.0,-4284000.0,-4284000.0,84087000,,84087000,-11256000.0,72831000,,72831000,72831000,ATW,2012-12-31
412984,USD,2013,Q2,2013-05-03,2014-05-05,65733000.0,66589000.0,253161000.0,-107473000.0,145688000.0,-41730000.0,-13268000.0,,-28482000.0,103958000.0,-6526000.0,-6526000.0,97432000,0.0,97432000,-11913000.0,85519000,,85519000,85519000,ATW,2013-03-31
412984,USD,2013,Q3,2013-08-02,2014-08-01,65062000.0,65858000.0,272688000.0,-117963000.0,154725000.0,-43960000.0,-13663000.0,,-30352000.0,110765000.0,-5635000.0,-5635000.0,105130000,0.0,105130000,-15149000.0,89981000,,89981000,89981000,ATW,2013-06-30
412984,USD,2013,Q4,2013-11-14,2015-11-12,63969000.0,64841000.0,292721000.0,-121573000.0,171148000.0,-43800000.0,-12634000.0,,-31098000.0,127348000.0,-8225000.0,-8225000.0,119123000,-971000.0,118152000,-16259000.0,101893000,,101893000,101893000,ATW,2013-09-30
412984,USD,2014,Q1,2014-02-06,2015-02-05,64112000.0,65026000.0,284706000.0,-131576000.0,153130000.0,-52366000.0,-19822000.0,,-32544000.0,100764000.0,-8141000.0,-8141000.0,92623000,1637000.0,94260000,-10863000.0,83397000,,83397000,83397000,ATW,2013-12-31
412984,USD,2014,Q2,2014-05-05,2015-04-30,64238000.0,65031000.0,273097000.0,-146154000.0,126943000.0,-50651000.0,-15022000.0,,-37231000.0,76292000.0,-11451000.0,-11451000.0,64841000,32442000.0,97283000,-23983000.0,73300000,,73300000,73300000,ATW,2014-03-31
412984,USD,2014,Q3,2014-08-01,2015-07-30,64309000.0,65060000.0,292777000.0,-152079000.0,140698000.0,-50233000.0,-12844000.0,,-37601000.0,90465000.0,-11093000.0,-11093000.0,79372000,-7000.0,79365000,-7440000.0,71925000,,71925000,71925000,ATW,2014-06-30
412984,USD,2014,Q4,2014-11-13,2016-11-15,64301000.0,65179000.0,323373000.0,-132544000.0,190829000.0,-53705000.0,-13773000.0,,-39982000.0,137124000.0,-10803000.0,-10803000.0,126321000,67000.0,126388000,-14185000.0,112203000,,112203000,112203000,ATW,2014-09-30
412984,USD,2015,Q1,2015-02-05,2016-02-03,64405000.0,65015000.0,351726000.0,-148372000.0,203354000.0,-61984000.0,-17409000.0,,-44575000.0,141370000.0,-15447000.0,-15447000.0,125923000,-70583000.0,55340000,-9122000.0,46218000,,46218000,46218000,ATW,2014-12-31
412984,USD,2015,Q2,2015-04-30,2016-05-06,64620000.0,65048000.0,350387000.0,-139785000.0,210602000.0,-57265000.0,-14737000.0,,-42528000.0,153337000.0,-12832000.0,-12832000.0,140505000,-5529000.0,134976000,-12307000.0,122669000,,122669000,122669000,ATW,2015-03-31
412984,USD,2015,Q3,2015-08-12,2016-08-02,64649000.0,65130000.0,330562000.0,-143324000.0,187238000.0,-53007000.0,-10473000.0,,-42534000.0,134231000.0,-11665000.0,-11665000.0,122566000,-27000.0,122539000,-9547000.0,112992000,,112992000,112992000,ATW,2015-06-30
412984,USD,2015,Q4,2015-11-12,2016-11-15,64650000.0,64927000.0,363176000.0,-127684000.0,235492000.0,-56920000.0,-14610000.0,,-42310000.0,178572000.0,-12516000.0,-12516000.0,166056000,59000.0,166115000,-15421000.0,150694000,,150694000,150694000,ATW,2015-09-30
412984,USD,2016,Q1,2016-02-03,2017-02-06,64765000.0,64921000.0,307819000.0,-138938000.0,168881000.0,-58004000.0,-15177000.0,,-42827000.0,110877000.0,4219000.0,-13757000.0,115096000,-64801000.0,50295000,-11214000.0,39081000,,39081000,39081000,ATW,2015-12-31
412984,USD,2016,Q2,2016-05-06,2017-05-09,64781000.0,64825000.0,296351000.0,-99041000.0,197310000.0,-51404000.0,-11488000.0,,-41053000.0,145906000.0,-17092000.0,-17092000.0,128814000,7612000.0,136426000,-13989000.0,122437000,,122437000,122437000,ATW,2016-03-31
412984,USD,2016,Q3,2016-08-02,2016-08-02,64795000.0,64847000.0,227797000.0,-86013000.0,141784000.0,-53128000.0,-12028000.0,,-41084000.0,88656000.0,-19665000.0,-19665000.0,68991000,51125000.0,120116000,-20611000.0,99505000,,99505000,99505000,ATW,2016-06-30
412984,USD,2016,Q4,2016-11-15,2016-11-15,64815000.0,64763000.0,188677000.0,-82834000.0,105843000.0,-53384000.0,-11857000.0,,-40705000.0,52459000.0,-18030000.0,-18031000.0,34429000,-28511000.0,5918000,-1669000.0,4249000,,4249000,4249000,ATW,2016-09-30
412984,USD,2017,Q1,2017-02-06,2017-02-06,64879000.0,65171000.0,157556000.0,-72272000.0,85284000.0,-56998000.0,-15190000.0,,-41808000.0,28286000.0,-16289000.0,-16289000.0,11997000,67000.0,12064000,-2393000.0,9671000,,9671000,9671000,ATW,2016-12-31
412984,USD,2017,Q2,2017-05-09,2017-05-09,78270000.0,78270000.0,167706000.0,-68951000.0,98755000.0,-53888000.0,-12445000.0,,-41443000.0,44867000.0,-13272000.0,-13272000.0,31595000,-58911000.0,-27316000,-1546000.0,-28862000,,-28862000,-28862000,ATW,2017-03-31
