SimFinId,Currency,Fiscal Year,Fiscal Period,Publish Date,Restated Date,Shares (Basic),Shares (Diluted),Revenue,Cost of Revenue,Gross Profit,Operating Expenses,"Selling, General & Administrative",Research & Development,Depreciation & Amortization,Operating Income (Loss),Non-Operating Income (Loss),"Interest Expense, Net","Pretax Income (Loss), Adj.",Abnormal Gains (Losses),Pretax Income (Loss),"Income Tax (Expense) Benefit, Net",Income (Loss) from Continuing Operations,Net Extraordinary Gains (Losses),Net Income,Net Income (Common),Ticker,Report_Date
669154,USD,2010,Q2,2010-07-29,2011-08-03,39945000.0,40510000.0,208176000.0,-117412000.0,90764000.0,-75449000.0,-70233000.0,-5216000.0,,15315000.0,-2185000.0,-723000.0,13130000,-1199000.0,11931000,-2898000.0,9033000,,9040000,9040000,CKP,2010-06-30
669154,USD,2010,Q3,2010-11-02,2011-11-01,40049000.0,40499000.0,203324000.0,-121445000.0,81879000.0,-67642000.0,-62774000.0,-4868000.0,,14237000.0,-950000.0,-862000.0,13287000,-1175000.0,12112000,-5071000.0,7041000,,7081000,7081000,CKP,2010-09-30
669154,USD,2010,Q4,2011-02-03,2013-03-05,40160000.0,40682000.0,117495000.0,-56240000.0,61255000.0,-57850000.0,-52950000.0,-4900000.0,,3405000.0,-1825000.0,-872000.0,1580000,-7461000.0,-5881000,5659000.0,-222000,8325000.0,8103000,8103000,CKP,2010-12-31
669154,USD,2011,Q1,2011-05-04,2012-05-03,40331000.0,40331000.0,181886000.0,-111801000.0,70085000.0,-77086000.0,-72297000.0,-4789000.0,,-7001000.0,-566000.0,-676000.0,-7567000,-2030000.0,-9597000,1375000.0,-8222000,-473000.0,-8695000,-8695000,CKP,2011-03-31
669154,USD,2011,Q2,2011-08-03,2012-08-02,40542000.0,40914000.0,216810000.0,-131826000.0,84984000.0,-67870000.0,-79195000.0,-5347000.0,,17114000.0,-1567000.0,-1191000.0,15547000,-3563000.0,11984000,-1808000.0,10176000,-332000.0,9842000,9842000,CKP,2011-06-30
669154,USD,2011,Q3,2011-11-01,2012-11-01,40605000.0,40605000.0,215049000.0,-133961000.0,81088000.0,-70688000.0,-67802000.0,-5476000.0,,10400000.0,-2020000.0,-1237000.0,8380000,-17570000.0,-9190000,-38355000.0,-47545000,-1069000.0,-48662000,-48662000,CKP,2011-09-30
669154,USD,2011,Q4,2012-03-02,2014-03-31,40650000.0,40278000.0,144655000.0,-72920000.0,71735000.0,-81934000.0,-60842000.0,-3657000.0,,-10199000.0,-2889000.0,-2415000.0,-13088000,-9152000.0,-22240000,-14565000.0,-36805000,709000.0,-35989000,-35989000,CKP,2011-12-31
669154,USD,2012,Q1,2012-05-03,2013-05-07,40812000.0,40812000.0,144194000.0,-91173000.0,53021000.0,-70057000.0,-65603000.0,-4454000.0,,-17036000.0,-1585000.0,-1435000.0,-18621000,-2477000.0,-21098000,10196000.0,-10902000,-368000.0,-10991000,-10991000,CKP,2012-03-31
669154,USD,2012,Q2,2012-08-02,2013-08-06,40973000.0,40973000.0,177604000.0,-107080000.0,70524000.0,-69240000.0,-65220000.0,-4020000.0,,1284000.0,-1690000.0,-1544000.0,-406000,-85799000.0,-86205000,-5624000.0,-91829000,-2357000.0,-94161000,-94161000,CKP,2012-06-30
669154,USD,2012,Q3,2012-11-01,2013-11-08,41067000.0,41067000.0,168813000.0,-100153000.0,68660000.0,-61216000.0,-56881000.0,-4335000.0,,7444000.0,-3947000.0,-4272000.0,3497000,-4129000.0,-632000,-3648000.0,-4280000,-1105000.0,-5334000,-5334000,CKP,2012-09-30
669154,USD,2012,Q4,2013-03-05,2015-03-05,41148000.0,41148000.0,199309000.0,-121678000.0,77631000.0,-61951000.0,-60403000.0,-3591000.0,,15680000.0,-5292000.0,-3532000.0,10388000,-35468000.0,-25080000,-6929000.0,-32009000,-4129000.0,-35964000,-35964000,CKP,2012-12-31
669154,USD,2013,Q1,2013-05-07,2014-05-06,41188000.0,41188000.0,148173000.0,-94907000.0,53266000.0,-59888000.0,-55525000.0,-4693000.0,,-6622000.0,-2710000.0,-2165000.0,-9332000,4407000.0,-4925000,0.0,-4925000,-2556000.0,-7423000,-7423000,CKP,2013-03-31
669154,USD,2013,Q2,2013-08-06,2014-08-04,41472000.0,41730000.0,172290000.0,-102399000.0,69891000.0,-61594000.0,-57215000.0,-4627000.0,,8297000.0,-4891000.0,-2925000.0,3406000,-1909000.0,1497000,-600000.0,897000,-14329000.0,-13491000,-13491000,CKP,2013-06-30
669154,USD,2013,Q3,2013-11-08,2014-11-04,41590000.0,42130000.0,174888000.0,-104356000.0,70532000.0,-55761000.0,-51392000.0,-4369000.0,,14771000.0,-3684000.0,-2682000.0,11087000,-1190000.0,9897000,-2665000.0,7232000,-100000.0,7132000,7132000,CKP,2013-09-30
669154,USD,2013,Q4,2014-03-31,2016-03-03,41834000.0,41036000.0,194387000.0,-118985000.0,75402000.0,-58510000.0,-54675000.0,-3835000.0,,16892000.0,-10091000.0,-9668000.0,6801000,-11370000.0,-4569000,-406000.0,-4975000,-171000.0,-5146000,-5146000,CKP,2013-12-31
669154,USD,2014,Q1,2014-05-06,2015-11-04,41886000.0,41886000.0,147406000.0,-85120000.0,62286000.0,-58228000.0,-54346000.0,-3882000.0,,4058000.0,-1075000.0,-989000.0,2983000,-1892000.0,1091000,-1220000.0,-129000,,-129000,-129000,CKP,2014-03-31
669154,USD,2014,Q2,2014-08-04,2015-11-04,42038000.0,42324000.0,170925000.0,-98418000.0,72507000.0,-59179000.0,-55369000.0,-3810000.0,,13328000.0,-1356000.0,-914000.0,11972000,-341000.0,11631000,-1777000.0,9854000,,9854000,9854000,CKP,2014-06-30
669154,USD,2014,Q3,2014-11-04,2015-11-04,42090000.0,42090000.0,160595000.0,-89630000.0,70965000.0,-59451000.0,-55480000.0,-3971000.0,,11514000.0,-729000.0,-739000.0,10785000,-750000.0,10035000,-14110000.0,-4075000,,-4075000,-4075000,CKP,2014-09-30
669154,USD,2014,Q4,2015-02-04,2016-03-03,42190000.0,43196000.0,183114000.0,-103788000.0,79326000.0,-60011000.0,-56371000.0,-3640000.0,,19315000.0,-1399000.0,-815000.0,17916000,-6499000.0,11417000,-6114000.0,5303000,0.0,5303000,5303000,CKP,2014-12-31
669154,USD,2015,Q1,2015-05-05,2016-05-05,42657000.0,42657000.0,128542000.0,-72005000.0,56537000.0,-55488000.0,-51306000.0,-4543000.0,,1049000.0,-340000.0,-711000.0,709000,-1383000.0,-674000,-1885000.0,-2559000,,-2559000,-2559000,CKP,2015-03-31
669154,USD,2015,Q2,2015-08-04,2015-11-04,42956000.0,42956000.0,147550000.0,-86053000.0,61497000.0,-56680000.0,-51891000.0,-4921000.0,,4817000.0,-1617000.0,-758000.0,3200000,-9305000.0,-6105000,-3387000.0,-9492000,,-9492000,-9492000,CKP,2015-06-30
669154,USD,2015,Q3,2015-11-04,2015-11-04,42975000.0,42975000.0,145930000.0,-87204000.0,58726000.0,-54204000.0,-48923000.0,-5281000.0,,4522000.0,60000.0,-792000.0,4582000,-6594000.0,-2012000,-1979000.0,-3991000,,-3991000,-3991000,CKP,2015-09-30
669154,USD,2015,Q4,2016-04-25,2016-04-25,42368000.0,42368000.0,165135000.0,-97481000.0,67654000.0,-58250000.0,-53508000.0,-4742000.0,,9404000.0,-1277000.0,-890000.0,8127000,-17911000.0,-9784000,-389000.0,-10173000,0.0,-10173000,-10173000,CKP,2015-12-31
