SimFinId,Currency,Fiscal Year,Fiscal Period,Publish Date,Restated Date,Shares (Basic),Shares (Diluted),Revenue,Cost of Revenue,Gross Profit,Operating Expenses,"Selling, General & Administrative",Research & Development,Depreciation & Amortization,Operating Income (Loss),Non-Operating Income (Loss),"Interest Expense, Net","Pretax Income (Loss), Adj.",Abnormal Gains (Losses),Pretax Income (Loss),"Income Tax (Expense) Benefit, Net",Income (Loss) from Continuing Operations,Net Extraordinary Gains (Losses),Net Income,Net Income (Common),Ticker,Report_Date
158610,USD,2015,Q3,2016-02-11,2017-02-09,63875000.0,63875000.0,592557000.0,-425053000.0,167504000.0,-92272000.0,-88591000.0,-3681000.0,,75232000.0,-7776000.0,-7776000.0,67456000,0.0,67456000,-24297000.0,43159000,,43159000,43159000,VSTO,2015-12-31
158610,USD,2015,Q4,2016-05-27,2017-05-26,62759000.0,63803000.0,560805000.0,-401339000.0,159466000.0,-107343000.0,-104978000.0,-2365000.0,,52123000.0,-980000.0,-980000.0,51143000,0.0,51143000,-20985000.0,30158000,,30158000,30158000,VSTO,2016-03-31
158610,USD,2016,Q1,2016-08-12,2017-08-10,63286000.0,63611000.0,630269000.0,-458892000.0,171377000.0,-112275000.0,-104444000.0,-7831000.0,,59102000.0,-11963000.0,-11963000.0,47139000,,47139000,-18015000.0,29124000,,29124000,29124000,VSTO,2016-06-30
158610,USD,2016,Q2,2016-11-10,2017-11-09,62816000.0,63155000.0,684312000.0,-498903000.0,185409000.0,-110873000.0,-102723000.0,-8150000.0,,74536000.0,-10143000.0,-10143000.0,64393000,30027000.0,94420000,-21196000.0,73224000,,73224000,73224000,VSTO,2016-09-30
158610,USD,2016,Q3,2017-02-09,2018-02-08,61717000.0,62092000.0,653558000.0,-484952000.0,168606000.0,-104063000.0,-95893000.0,-8170000.0,,64543000.0,-10551000.0,-10551000.0,53992000,-449199000.0,-395207000,17548000.0,-377659000,,-377659000,-377659000,VSTO,2016-12-31
158610,USD,2016,Q4,2017-05-26,2017-05-26,61025000.0,61414000.0,578753000.0,-434959000.0,143794000.0,-129827000.0,-121209000.0,-8618000.0,,13967000.0,-11013000.0,-11013000.0,2954000,0.0,2954000,-2097000.0,857000,,857000,857000,VSTO,2017-03-31
158610,USD,2017,Q1,2017-08-10,2017-08-10,60384000.0,60715000.0,568749000.0,-422191000.0,146558000.0,-107217000.0,-99426000.0,-7791000.0,,39341000.0,-12393000.0,-12393000.0,26948000,,26948000,-10296000.0,16652000,,16652000,16652000,VSTO,2017-06-30
158610,USD,2017,Q2,2017-11-09,2017-11-09,57099000.0,57099000.0,587283000.0,-448306000.0,138977000.0,-113833000.0,-106386000.0,-7447000.0,,25144000.0,-12569000.0,-12569000.0,12575000,-152320000.0,-139745000,25040000.0,-114705000,,-114705000,-114705000,VSTO,2017-09-30
158610,USD,2017,Q3,2018-02-08,2018-02-08,57253000.0,57294000.0,581204000.0,-455099000.0,126105000.0,-107099000.0,-100224000.0,-6875000.0,,19006000.0,-12494000.0,-12494000.0,6512000,0.0,6512000,47231000.0,53743000,,53743000,53743000,VSTO,2017-12-31
158610,USD,2017,Q4,2018-05-18,2018-05-18,53932000.0,53560000.0,571227000.0,-461905000.0,109322000.0,-124944000.0,-117394000.0,-7550000.0,,-15622000.0,-11758000.0,-11758000.0,-27380000,-124000.0,-27504000,11582000.0,-15922000,,-15922000,-15922000,VSTO,2018-03-31
158610,USD,2018,Q1,2018-08-09,2018-08-09,57454000.0,57454000.0,528836000.0,-415498000.0,113338000.0,-108022000.0,-101054000.0,-6968000.0,,5316000.0,-13472000.0,-13472000.0,-8156000,-44921000.0,-53077000,729000.0,-52348000,,-52348000,-52348000,VSTO,2018-06-30
158610,USD,2018,Q2,2018-11-08,2018-11-08,57528000.0,57528000.0,546585000.0,-437828000.0,108757000.0,-104492000.0,-97282000.0,-7210000.0,,4265000.0,-21790000.0,-16865000.0,-17525000,-23411000.0,-40936000,8118000.0,-32818000,,-32818000,-32818000,VSTO,2018-09-30
158610,USD,2018,Q3,2019-02-07,2019-02-07,57572000.0,57572000.0,467771000.0,-373535000.0,94236000.0,-92921000.0,-86418000.0,-6503000.0,,1315000.0,-17874000.0,-16003000.0,-16559000,-516466000.0,-533025000,18383000.0,-514642000,,-514642000,-514642000,VSTO,2018-12-31
158610,USD,2018,Q4,2019-05-23,2019-05-23,57622000.0,57622000.0,515336000.0,-415979000.0,99357000.0,-99356000.0,-92295000.0,-7061000.0,,1000.0,-4055000.0,-10851000.0,-4054000,-43180000.0,-47234000,-1401000.0,-48635000,,-48635000,-48635000,VSTO,2019-03-31
158610,USD,2019,Q1,2019-08-08,2019-08-08,57722000.0,57722000.0,459774000.0,-364696000.0,95078000.0,-90403000.0,-83909000.0,-6494000.0,,4675000.0,-11124000.0,-11124000.0,-6449000,-9429000.0,-15878000,-737000.0,-16615000,,-16615000,-16615000,VSTO,2019-06-30
158610,USD,2019,Q2,2019-11-07,2019-11-07,57768000.0,57768000.0,445016000.0,-354752000.0,90264000.0,-88524000.0,-82971000.0,-5553000.0,,1740000.0,-12747000.0,-12314000.0,-11007000,0.0,-11007000,-891000.0,-11898000,,-11898000,-11898000,VSTO,2019-09-30
158610,USD,2019,Q3,2020-02-06,2021-02-04,57878000.0,57978000.0,424770000.0,-335980000.0,88790000.0,-70121000.0,-64418000.0,-5703000.0,,18669000.0,-8373000.0,-8373000.0,10296000,,10296000,4352000.0,14648000,,14648000,14648000,VSTO,2019-12-31
158610,USD,2019,Q4,2020-06-03,2020-06-03,58016000.0,57916000.0,426311000.0,-341677000.0,84634000.0,-76504000.0,-71256000.0,-5248000.0,,8130000.0,-6547000.0,-6980000.0,1583000,-156021000.0,-154438000,13224000.0,-141214000,,-141214000,-141214000,VSTO,2020-03-31
