SimFinId,Currency,Fiscal Year,Fiscal Period,Publish Date,Restated Date,Shares (Basic),Shares (Diluted),Revenue,Cost of Revenue,Gross Profit,Operating Expenses,"Selling, General & Administrative",Research & Development,Depreciation & Amortization,Operating Income (Loss),Non-Operating Income (Loss),"Interest Expense, Net","Pretax Income (Loss), Adj.",Abnormal Gains (Losses),Pretax Income (Loss),"Income Tax (Expense) Benefit, Net",Income (Loss) from Continuing Operations,Net Extraordinary Gains (Losses),Net Income,Net Income (Common),Ticker,Report_Date
172199,USD,2009,Q2,2009-08-20,2010-08-30,546639000.0,546639000.0,776520000.0,-619797000.0,156723000.0,-266830000.0,-73975000.0,-192855000.0,,-110107000.0,3006000.0,5779000.0,-107101000,,-107101000,1799000.0,-105302000,,-105302000,-105302000,NVDA,2009-07-31
172199,USD,2009,Q3,2009-11-19,2010-12-07,551283000.0,574381000.0,903206000.0,-511423000.0,391783000.0,-283938000.0,-85990000.0,-197948000.0,,107845000.0,2362000.0,5444000.0,110207000,,110207000,-2630000.0,107577000,,107577000,107577000,NVDA,2009-10-31
172199,USD,2009,Q4,2010-03-18,2012-03-13,558067000.0,534969000.0,982488000.0,-543767000.0,438721000.0,-304439000.0,-88188000.0,-216251000.0,,134282000.0,5139000.0,2448000.0,139421000,,139421000,-8345000.0,131076000,,131076000,131076000,NVDA,2010-01-31
172199,USD,2010,Q1,2010-05-21,2011-05-27,567183000.0,590997000.0,1001813000.0,-545436000.0,456377000.0,-308984000.0,-90879000.0,-218105000.0,,147393000.0,3332000.0,5571000.0,150725000,,150725000,-13131000.0,137594000,,137594000,137594000,NVDA,2010-04-30
172199,USD,2010,Q2,2010-08-30,2011-08-25,572764000.0,572764000.0,811208000.0,-676916000.0,134292000.0,-309499000.0,-98864000.0,-210635000.0,,-175207000.0,6160000.0,4805000.0,-169047000,,-169047000,28086000.0,-140961000,,-140961000,-140961000,NVDA,2010-07-31
172199,USD,2010,Q3,2010-12-07,2011-11-22,577323000.0,582648000.0,843912000.0,-451850000.0,392062000.0,-288279000.0,-83752000.0,-204527000.0,,103783000.0,-198000.0,4220000.0,103585000,,103585000,-18723000.0,84862000,,84862000,84862000,NVDA,2010-10-31
172199,USD,2010,Q4,2011-03-16,2013-03-12,583438000.0,608327000.0,886376000.0,-460017000.0,426359000.0,-303581000.0,-88018000.0,-215563000.0,,122778000.0,6128000.0,1334000.0,128906000,57000000.0,185906000,-14255000.0,171651000,,171651000,171651000,NVDA,2011-01-31
172199,USD,2011,Q1,2011-05-27,2012-05-23,594802000.0,613474000.0,962039000.0,-477536000.0,484503000.0,-329641000.0,-98117000.0,-231524000.0,,154862000.0,1623000.0,5313000.0,156485000,,156485000,-21266000.0,135219000,,135219000,135219000,NVDA,2011-04-30
172199,USD,2011,Q2,2011-08-25,2012-08-22,601340000.0,613934000.0,1016517000.0,-491233000.0,525284000.0,-351254000.0,-103533000.0,-247721000.0,,174030000.0,3517000.0,5266000.0,177547000,,177547000,-25974000.0,151573000,,151573000,151573000,NVDA,2011-07-31
172199,USD,2011,Q3,2011-11-22,2012-11-19,607063000.0,613560000.0,1066180000.0,-509463000.0,556717000.0,-359627000.0,-103129000.0,-256498000.0,,197090000.0,7697000.0,4356000.0,204787000,,204787000,-26514000.0,178273000,,178273000,178273000,NVDA,2011-10-31
172199,USD,2011,Q4,2012-03-13,2014-03-13,611379000.0,624516000.0,953194000.0,-463181000.0,490013000.0,-367696000.0,-100834000.0,-266862000.0,,122317000.0,2260000.0,1125000.0,124577000,,124577000,-8552000.0,116025000,,116025000,116025000,NVDA,2012-01-31
172199,USD,2012,Q1,2012-05-23,2013-05-22,615780000.0,623786000.0,924877000.0,-461513000.0,463364000.0,-390538000.0,-106636000.0,-283902000.0,,72826000.0,4269000.0,5198000.0,77095000,,77095000,-16658000.0,60437000,,60437000,60437000,NVDA,2012-04-30
172199,USD,2012,Q2,2012-08-22,2013-08-21,618996000.0,623143000.0,1044270000.0,-503551000.0,540719000.0,-401096000.0,-119903000.0,-281193000.0,,139623000.0,5585000.0,5316000.0,145208000,,145208000,-26162000.0,119046000,,119046000,119046000,NVDA,2012-07-31
172199,USD,2012,Q3,2012-11-19,2013-11-19,622352000.0,628845000.0,1204110000.0,-567452000.0,636658000.0,-384441000.0,-100261000.0,-284180000.0,,252217000.0,1411000.0,4701000.0,253628000,,253628000,-44548000.0,209080000,,209080000,209080000,NVDA,2012-10-31
172199,USD,2012,Q4,2013-03-12,2015-03-12,620168000.0,624054000.0,1106902000.0,-521300000.0,585602000.0,-402029000.0,-104022000.0,-298007000.0,,183573000.0,2535000.0,1399000.0,186108000,,186108000,-12135000.0,173973000,,173973000,173973000,NVDA,2013-01-31
172199,USD,2013,Q1,2013-05-22,2014-05-21,616872000.0,619302000.0,954739000.0,-436171000.0,518568000.0,-435787000.0,-108626000.0,-327161000.0,,82781000.0,5281000.0,4223000.0,88062000,,88062000,-10171000.0,77891000,,77891000,77891000,NVDA,2013-04-30
172199,USD,2013,Q2,2013-08-21,2014-08-20,585345000.0,592006000.0,977238000.0,-431700000.0,545538000.0,-440004000.0,-108266000.0,-331738000.0,,105534000.0,6286000.0,3029000.0,111820000,,111820000,-15372000.0,96448000,,96448000,96448000,NVDA,2013-07-31
172199,USD,2013,Q3,2013-11-19,2014-11-19,580870000.0,588752000.0,1053967000.0,-469552000.0,584415000.0,-443427000.0,-103133000.0,-340294000.0,,140988000.0,496000.0,3203000.0,141484000,,141484000,-22750000.0,118734000,,118734000,118734000,NVDA,2013-10-31
172199,USD,2013,Q4,2014-03-13,2016-03-17,568913000.0,579940000.0,1144056000.0,-524577000.0,619479000.0,-452782000.0,-115975000.0,-336807000.0,,166697000.0,1937000.0,-3455000.0,168634000,0.0,168634000,-21707000.0,146927000,,146927000,146927000,NVDA,2014-01-31
172199,USD,2014,Q1,2014-05-21,2015-05-20,559000000.0,570000000.0,1103000000.0,-499000000.0,604000000.0,-453000000.0,-119000000.0,-334000000.0,,151000000.0,12000000.0,-5000000.0,163000000,,163000000,-26000000.0,137000000,,137000000,137000000,NVDA,2014-04-30
172199,USD,2014,Q2,2014-08-20,2015-08-19,558000000.0,571000000.0,1103000000.0,-484000000.0,619000000.0,-456000000.0,-119000000.0,-337000000.0,,163000000.0,-8000000.0,-5000000.0,155000000,0.0,155000000,-27000000.0,128000000,,128000000,128000000,NVDA,2014-07-31
172199,USD,2014,Q3,2014-11-19,2015-11-18,548000000.0,558000000.0,1225000000.0,-549000000.0,676000000.0,-463000000.0,-123000000.0,-340000000.0,,213000000.0,-4000000.0,-4000000.0,209000000,0.0,209000000,-36000000.0,173000000,,173000000,173000000,NVDA,2014-10-31
172199,USD,2014,Q4,2015-03-12,2017-03-01,543000000.0,553000000.0,1251000000.0,-551000000.0,700000000.0,-468000000.0,-119000000.0,-349000000.0,,232000000.0,-4000000.0,-4000000.0,228000000,0.0,228000000,-35000000.0,193000000,,193000000,193000000,NVDA,2015-01-31
172199,USD,2015,Q1,2015-05-20,2016-05-25,549000000.0,568000000.0,1151000000.0,-498000000.0,653000000.0,-477000000.0,-138000000.0,-339000000.0,,176000000.0,-4000000.0,-3000000.0,172000000,0.0,172000000,-38000000.0,134000000,,134000000,134000000,NVDA,2015-04-30
172199,USD,2015,Q2,2015-08-19,2016-08-23,541000000.0,556000000.0,1153000000.0,-519000000.0,634000000.0,-469000000.0,-149000000.0,-320000000.0,,165000000.0,-4000000.0,-3000000.0,161000000,-89000000.0,72000000,-46000000.0,26000000,,26000000,26000000,NVDA,2015-07-31
172199,USD,2015,Q3,2015-11-18,2016-11-22,542000000.0,565000000.0,1305000000.0,-571000000.0,734000000.0,-481000000.0,-152000000.0,-329000000.0,,253000000.0,0.0,-3000000.0,253000000,-8000000.0,245000000,1000000.0,246000000,,246000000,246000000,NVDA,2015-10-31
172199,USD,2015,Q4,2016-03-17,2018-02-28,540000000.0,587000000.0,1401000000.0,-611000000.0,790000000.0,-506000000.0,-163000000.0,-343000000.0,,284000000.0,4000000.0,1000000.0,288000000,-34000000.0,254000000,-46000000.0,208000000,,208000000,208000000,NVDA,2016-01-31
172199,USD,2016,Q1,2016-05-25,2017-05-23,537000000.0,599000000.0,1305000000.0,-554000000.0,751000000.0,-505000000.0,-159000000.0,-346000000.0,,246000000.0,-4000000.0,0.0,242000000,-1000000.0,241000000,-33000000.0,208000000,,208000000,208000000,NVDA,2016-04-30
172199,USD,2016,Q2,2016-08-23,2017-08-23,534000000.0,634000000.0,1428000000.0,-602000000.0,826000000.0,-507000000.0,-157000000.0,-350000000.0,,319000000.0,0.0,0.0,319000000,-2000000.0,317000000,-56000000.0,261000000,,261000000,261000000,NVDA,2016-07-31
172199,USD,2016,Q3,2016-11-22,2017-11-21,538000000.0,653000000.0,2004000000.0,-821000000.0,1183000000.0,-544000000.0,-171000000.0,-373000000.0,,639000000.0,-18000000.0,-2000000.0,621000000,0.0,621000000,-79000000.0,542000000,,542000000,542000000,NVDA,2016-10-31
172199,USD,2016,Q4,2017-03-01,2018-02-28,555000000.0,710000000.0,2173000000.0,-870000000.0,1303000000.0,-570000000.0,-176000000.0,-394000000.0,,733000000.0,-7000000.0,-2000000.0,726000000,0.0,726000000,-71000000.0,655000000,,655000000,655000000,NVDA,2017-01-31
172199,USD,2017,Q1,2017-05-23,2017-05-23,592000000.0,641000000.0,1937000000.0,-787000000.0,1150000000.0,-596000000.0,-185000000.0,-411000000.0,,554000000.0,-18000000.0,0.0,536000000,0.0,536000000,-29000000.0,507000000,,507000000,507000000,NVDA,2017-04-30
172199,USD,2017,Q2,2017-08-23,2017-08-23,597000000.0,633000000.0,2230000000.0,-928000000.0,1302000000.0,-614000000.0,-198000000.0,-416000000.0,,688000000.0,-4000000.0,0.0,684000000,0.0,684000000,-101000000.0,583000000,,583000000,583000000,NVDA,2017-07-31
172199,USD,2017,Q3,2017-11-21,2017-11-21,603000000.0,628000000.0,2636000000.0,-1067000000.0,1569000000.0,-674000000.0,-212000000.0,-462000000.0,,895000000.0,1000000.0,2000000.0,896000000,0.0,896000000,-58000000.0,838000000,,838000000,838000000,NVDA,2017-10-31
172199,USD,2017,Q4,2018-02-28,2018-02-28,604000000.0,626000000.0,2911000000.0,-1110000000.0,1801000000.0,-728000000.0,-220000000.0,-508000000.0,,1073000000.0,7000000.0,6000000.0,1080000000,0.0,1080000000,39000000.0,1119000000,,1119000000,1119000000,NVDA,2018-01-31
172199,USD,2018,Q1,2018-05-22,2018-05-22,606000000.0,627000000.0,3207000000.0,-1139000000.0,2068000000.0,-773000000.0,-231000000.0,-542000000.0,,1295000000.0,16000000.0,10000000.0,1311000000,,1311000000,-67000000.0,1244000000,,1244000000,1244000000,NVDA,2018-04-30
172199,USD,2018,Q2,2018-08-16,2018-08-16,607000000.0,626000000.0,3123000000.0,-1148000000.0,1975000000.0,-818000000.0,-237000000.0,-581000000.0,,1157000000.0,23000000.0,18000000.0,1180000000,,1180000000,-79000000.0,1101000000,,1101000000,1101000000,NVDA,2018-07-31
172199,USD,2018,Q3,2018-11-15,2018-11-15,609000000.0,625000000.0,3181000000.0,-1260000000.0,1921000000.0,-863000000.0,-258000000.0,-605000000.0,,1058000000.0,23000000.0,22000000.0,1081000000,,1081000000,149000000.0,1230000000,,1230000000,1230000000,NVDA,2018-10-31
172199,USD,2018,Q4,2019-02-21,2019-02-21,610000000.0,622000000.0,2205000000.0,-998000000.0,1207000000.0,-913000000.0,-265000000.0,-648000000.0,,294000000.0,30000000.0,28000000.0,324000000,,324000000,242000000.0,566000000,,566000000,566000000,NVDA,2019-01-31
172199,USD,2019,Q1,2019-05-16,2019-05-16,607000000.0,616000000.0,2220000000.0,-924000000.0,1296000000.0,-938000000.0,-264000000.0,-674000000.0,,358000000.0,31000000.0,31000000.0,389000000,,389000000,5000000.0,394000000,,394000000,394000000,NVDA,2019-04-30
172199,USD,2019,Q2,2019-08-15,2019-08-15,609000000.0,616000000.0,2579000000.0,-1038000000.0,1541000000.0,-970000000.0,-266000000.0,-704000000.0,,571000000.0,35000000.0,34000000.0,606000000,,606000000,-54000000.0,552000000,,552000000,552000000,NVDA,2019-07-31
172199,USD,2019,Q3,2019-11-14,2020-11-18,610000000.0,618000000.0,3014000000.0,-1098000000.0,1916000000.0,-989000000.0,-277000000.0,-712000000.0,,927000000.0,32000000.0,32000000.0,959000000,,959000000,-60000000.0,899000000,,899000000,899000000,NVDA,2019-10-31
172199,USD,2019,Q4,2020-02-20,2020-02-20,610000000.0,622000000.0,3105000000.0,-1090000000.0,2015000000.0,-1025000000.0,-286000000.0,-739000000.0,,990000000.0,26000000.0,29000000.0,1016000000,,1016000000,-65000000.0,951000000,,951000000,951000000,NVDA,2020-01-31
