SimFinId,Currency,Fiscal Year,Fiscal Period,Publish Date,Restated Date,Shares (Basic),Shares (Diluted),Revenue,Cost of Revenue,Gross Profit,Operating Expenses,"Selling, General & Administrative",Research & Development,Depreciation & Amortization,Operating Income (Loss),Non-Operating Income (Loss),"Interest Expense, Net","Pretax Income (Loss), Adj.",Abnormal Gains (Losses),Pretax Income (Loss),"Income Tax (Expense) Benefit, Net",Income (Loss) from Continuing Operations,Net Extraordinary Gains (Losses),Net Income,Net Income (Common),Ticker,Report_Date
384594,USD,2009,Q2,2009-08-07,2010-08-09,415600000.0,415900000.0,4727000000.0,-3154000000.0,1573000000.0,-964000000.0,-923000000.0,,,609000000.0,-65000000.0,-65000000.0,544000000,,544000000,-158000000.0,430000000,,403000000,403000000,KMB,2009-06-30
384594,USD,2009,Q3,2009-11-06,2010-11-08,415900000.0,416800000.0,4913000000.0,-3186000000.0,1727000000.0,-856000000.0,-852000000.0,,,871000000.0,-60000000.0,-60000000.0,811000000,,811000000,-240000000.0,611000000,,582000000,582000000,KMB,2009-09-30
384594,USD,2009,Q4,2010-02-24,2012-02-29,417300000.0,418900000.0,4982000000.0,-3316000000.0,1666000000.0,-949000000.0,-974000000.0,,,717000000.0,-59000000.0,-59000000.0,658000000,,658000000,-184000000.0,522000000,,492000000,492000000,KMB,2009-12-31
384594,USD,2010,Q1,2010-05-14,2011-05-09,417600000.0,419300000.0,4835000000.0,-3188000000.0,1647000000.0,-982000000.0,-881000000.0,,,665000000.0,-56000000.0,-56000000.0,609000000,,609000000,-241000000.0,411000000,,384000000,384000000,KMB,2010-03-31
384594,USD,2010,Q2,2010-08-09,2011-08-05,413700000.0,415600000.0,4857000000.0,-3213000000.0,1644000000.0,-933000000.0,-929000000.0,,,711000000.0,-54000000.0,-54000000.0,657000000,,657000000,-181000000.0,523000000,,498000000,498000000,KMB,2010-06-30
384594,USD,2010,Q3,2010-11-08,2011-11-07,409900000.0,412600000.0,4979000000.0,-3365000000.0,1614000000.0,-916000000.0,-909000000.0,,,698000000.0,-54000000.0,-54000000.0,644000000,,644000000,-195000000.0,489000000,,469000000,469000000,KMB,2010-09-30
384594,USD,2010,Q4,2011-02-23,2013-02-22,408400000.0,410100000.0,5075000000.0,-3430000000.0,1645000000.0,-946000000.0,-954000000.0,,,699000000.0,-59000000.0,-59000000.0,640000000,,640000000,-171000000.0,520000000,,492000000,492000000,KMB,2010-12-31
384594,USD,2011,Q1,2011-05-09,2012-05-04,403400000.0,405900000.0,5029000000.0,-3566000000.0,1463000000.0,-919000000.0,-921000000.0,,,544000000.0,-60000000.0,-60000000.0,484000000,,484000000,-152000000.0,372000000,,350000000,350000000,KMB,2011-03-31
384594,USD,2011,Q2,2011-08-05,2012-08-03,393300000.0,396000000.0,5259000000.0,-3702000000.0,1557000000.0,-932000000.0,-940000000.0,,,625000000.0,-67000000.0,-67000000.0,558000000,,558000000,-173000000.0,432000000,,408000000,408000000,KMB,2011-06-30
384594,USD,2011,Q3,2011-11-07,2012-11-05,392200000.0,395200000.0,5382000000.0,-3794000000.0,1588000000.0,-926000000.0,-943000000.0,,,662000000.0,-65000000.0,-65000000.0,597000000,,597000000,-174000000.0,458000000,,432000000,432000000,KMB,2011-09-30
384594,USD,2011,Q4,2012-02-29,2014-02-14,393900000.0,397300000.0,5176000000.0,-3632000000.0,1544000000.0,-933000000.0,-957000000.0,,,611000000.0,-67000000.0,-67000000.0,544000000,,544000000,-161000000.0,422000000,,401000000,401000000,KMB,2011-12-31
384594,USD,2012,Q1,2012-05-04,2013-05-02,393800000.0,397100000.0,5241000000.0,-3537000000.0,1704000000.0,-1004000000.0,-996000000.0,,,700000000.0,-67000000.0,-67000000.0,633000000,,633000000,-185000000.0,487000000,,468000000,468000000,KMB,2012-03-31
384594,USD,2012,Q2,2012-08-03,2013-08-02,393600000.0,396500000.0,5269000000.0,-3514000000.0,1755000000.0,-1001000000.0,-1019000000.0,,,754000000.0,-66000000.0,-66000000.0,688000000,,688000000,-213000000.0,518000000,,498000000,498000000,KMB,2012-06-30
384594,USD,2012,Q3,2012-11-05,2013-11-01,393900000.0,396700000.0,5246000000.0,-3480000000.0,1766000000.0,-983000000.0,-988000000.0,,,783000000.0,-66000000.0,-66000000.0,717000000,,717000000,-223000000.0,537000000,,517000000,517000000,KMB,2012-09-30
384594,USD,2012,Q4,2013-02-22,2015-02-18,390700000.0,394100000.0,3711000000.0,-2807000000.0,904000000.0,-764000000.0,-754000000.0,,,140000000.0,-68000000.0,-68000000.0,72000000,,72000000,-39000000.0,85000000,201000000.0,267000000,267000000,KMB,2012-12-31
384594,USD,2013,Q1,2013-05-02,2014-04-21,387300000.0,390500000.0,5318000000.0,-3496000000.0,1822000000.0,-1039000000.0,-1027000000.0,,,783000000.0,-62000000.0,-62000000.0,721000000,,721000000,-223000000.0,551000000,,531000000,531000000,KMB,2013-03-31
384594,USD,2013,Q2,2013-08-02,2014-07-22,384700000.0,387800000.0,5267000000.0,-3467000000.0,1800000000.0,-1004000000.0,-1012000000.0,,,796000000.0,-66000000.0,-66000000.0,730000000,,730000000,-238000000.0,547000000,,526000000,526000000,KMB,2013-06-30
384594,USD,2013,Q3,2013-11-01,2014-10-21,382800000.0,385800000.0,5262000000.0,-3457000000.0,1805000000.0,-998000000.0,-990000000.0,,,807000000.0,-67000000.0,-67000000.0,740000000,,740000000,-224000000.0,565000000,,546000000,546000000,KMB,2013-09-30
384594,USD,2013,Q4,2014-02-14,2016-02-11,381200000.0,385100000.0,3714000000.0,-2532000000.0,1182000000.0,-665000000.0,-670000000.0,,,517000000.0,-67000000.0,-67000000.0,450000000,,450000000,-143000000.0,355000000,203000000.0,539000000,539000000,KMB,2013-12-31
384594,USD,2014,Q1,2014-04-21,2015-04-21,379000000.0,382100000.0,4887000000.0,-3222000000.0,1665000000.0,-954000000.0,-896000000.0,,,711000000.0,-68000000.0,-68000000.0,643000000,,643000000,-196000000.0,490000000,56000000.0,538000000,538000000,KMB,2014-03-31
384594,USD,2014,Q2,2014-07-22,2015-07-23,375800000.0,378400000.0,4953000000.0,-3253000000.0,1700000000.0,-925000000.0,-938000000.0,,,775000000.0,-67000000.0,-67000000.0,708000000,,708000000,-225000000.0,522000000,8000000.0,509000000,509000000,KMB,2014-06-30
384594,USD,2014,Q3,2014-10-21,2015-10-21,373300000.0,375900000.0,5056000000.0,-3291000000.0,1765000000.0,-888000000.0,-904000000.0,,,877000000.0,-67000000.0,-67000000.0,810000000,,810000000,-260000000.0,581000000,1000000.0,562000000,562000000,KMB,2014-09-30
384594,USD,2014,Q4,2015-02-18,2017-02-08,369900000.0,373200000.0,4828000000.0,-3275000000.0,1553000000.0,-1395000000.0,-971000000.0,,,158000000.0,-64000000.0,-64000000.0,94000000,,94000000,-175000000.0,-48000000,-15000000.0,-83000000,-83000000,KMB,2014-12-31
384594,USD,2015,Q1,2015-04-21,2016-04-22,365200000.0,367900000.0,4691000000.0,-3032000000.0,1659000000.0,-911000000.0,-849000000.0,,,748000000.0,-68000000.0,-68000000.0,680000000,,680000000,-230000000.0,486000000,,468000000,468000000,KMB,2015-03-31
384594,USD,2015,Q2,2015-07-23,2016-07-25,364300000.0,366700000.0,4643000000.0,-2986000000.0,1657000000.0,-2201000000.0,-869000000.0,,,-544000000.0,-69000000.0,-69000000.0,-613000000,,-613000000,281000000.0,-293000000,,-305000000,-305000000,KMB,2015-06-30
384594,USD,2015,Q3,2015-10-21,2016-10-24,363900000.0,366200000.0,4718000000.0,-3036000000.0,1682000000.0,-903000000.0,-868000000.0,,,779000000.0,-70000000.0,-70000000.0,709000000,,709000000,-217000000.0,529000000,,517000000,517000000,KMB,2015-09-30
384594,USD,2015,Q4,2016-02-11,2017-02-08,361800000.0,364400000.0,4539000000.0,-2913000000.0,1626000000.0,-996000000.0,-857000000.0,,,630000000.0,-71000000.0,-71000000.0,559000000,,559000000,-252000000.0,344000000,0.0,333000000,333000000,KMB,2015-12-31
384594,USD,2016,Q1,2016-04-22,2017-04-24,360700000.0,363400000.0,4476000000.0,-2837000000.0,1639000000.0,-835000000.0,-825000000.0,,,804000000.0,-72000000.0,-72000000.0,732000000,,732000000,-207000000.0,560000000,,545000000,545000000,KMB,2016-03-31
384594,USD,2016,Q2,2016-07-25,2017-07-25,360000000.0,362400000.0,4588000000.0,-2924000000.0,1664000000.0,-826000000.0,-847000000.0,,,838000000.0,-78000000.0,-78000000.0,760000000,,760000000,-217000000.0,578000000,,566000000,566000000,KMB,2016-06-30
384594,USD,2016,Q3,2016-10-24,2017-10-23,359200000.0,361500000.0,4594000000.0,-2924000000.0,1670000000.0,-834000000.0,-833000000.0,,,836000000.0,-79000000.0,-79000000.0,757000000,,757000000,-227000000.0,563000000,,550000000,550000000,KMB,2016-09-30
384594,USD,2016,Q4,2017-02-08,2017-02-08,357700000.0,359500000.0,4544000000.0,-2866000000.0,1678000000.0,-839000000.0,-821000000.0,,,839000000.0,-79000000.0,-79000000.0,760000000,,760000000,-271000000.0,518000000,0.0,505000000,505000000,KMB,2016-12-31
384594,USD,2017,Q1,2017-04-24,2017-04-24,356000000.0,358600000.0,4483000000.0,-2831000000.0,1652000000.0,-818000000.0,-813000000.0,,,834000000.0,-81000000.0,-81000000.0,753000000,,753000000,-207000000.0,575000000,,563000000,563000000,KMB,2017-03-31
384594,USD,2017,Q2,2017-07-25,2017-07-25,354400000.0,356700000.0,4554000000.0,-2910000000.0,1644000000.0,-845000000.0,-842000000.0,,,799000000.0,-83000000.0,-83000000.0,716000000,,716000000,-202000000.0,540000000,,531000000,531000000,KMB,2017-06-30
384594,USD,2017,Q3,2017-10-23,2017-10-23,352700000.0,354800000.0,4640000000.0,-2981000000.0,1659000000.0,-805000000.0,-813000000.0,,,854000000.0,-75000000.0,-75000000.0,779000000,,779000000,-224000000.0,579000000,,567000000,567000000,KMB,2017-09-30
384594,USD,2017,Q4,2018-02-08,2018-02-08,351300000.0,353500000.0,4582000000.0,-2984000000.0,1598000000.0,-786000000.0,-759000000.0,,,812000000.0,-69000000.0,-69000000.0,743000000,,743000000,-143000000.0,625000000,,617000000,617000000,KMB,2017-12-31
384594,USD,2018,Q1,2018-04-23,2018-04-23,350400000.0,352600000.0,4731000000.0,-3407000000.0,1324000000.0,-1077000000.0,-1079000000.0,,,247000000.0,-73000000.0,-64000000.0,174000000,,174000000,-104000000.0,97000000,,93000000,93000000,KMB,2018-03-31
384594,USD,2018,Q2,2018-07-24,2018-07-24,348800000.0,350300000.0,4604000000.0,-3149000000.0,1455000000.0,-781000000.0,-771000000.0,,,674000000.0,-101000000.0,-65000000.0,573000000,,573000000,-138000000.0,465000000,,455000000,455000000,KMB,2018-06-30
384594,USD,2018,Q3,2018-10-22,2018-10-22,347200000.0,348800000.0,4582000000.0,-3166000000.0,1416000000.0,-747000000.0,-749000000.0,,,669000000.0,-92000000.0,-62000000.0,577000000,,577000000,-138000000.0,462000000,,451000000,451000000,KMB,2018-09-30
384594,USD,2018,Q4,2019-02-07,2019-02-07,345600000.0,346700000.0,4569000000.0,-3167000000.0,1402000000.0,-763000000.0,-768000000.0,,,639000000.0,-150000000.0,-62000000.0,489000000,,489000000,-91000000.0,421000000,,411000000,411000000,KMB,2018-12-31
384594,USD,2019,Q1,2019-04-22,2019-04-22,344300000.0,346000000.0,4633000000.0,-3205000000.0,1428000000.0,-773000000.0,-769000000.0,,,655000000.0,-73000000.0,-62000000.0,582000000,,582000000,-143000000.0,466000000,,454000000,454000000,KMB,2019-03-31
384594,USD,2019,Q2,2019-07-23,2019-07-23,344200000.0,346000000.0,4594000000.0,-3108000000.0,1486000000.0,-816000000.0,-811000000.0,,,670000000.0,-76000000.0,-65000000.0,594000000,,594000000,-132000000.0,495000000,,485000000,485000000,KMB,2019-06-30
384594,USD,2019,Q3,2019-10-22,2019-10-22,343800000.0,345900000.0,4640000000.0,-3085000000.0,1555000000.0,-640000000.0,-815000000.0,,,915000000.0,-74000000.0,-63000000.0,841000000,,841000000,-192000000.0,680000000,,671000000,671000000,KMB,2019-09-30
384594,USD,2019,Q4,2020-02-13,2020-02-13,342100000.0,344500000.0,4583000000.0,-3017000000.0,1566000000.0,-815000000.0,-859000000.0,,,751000000.0,-118000000.0,-60000000.0,633000000,,633000000,-109000000.0,556000000,,547000000,547000000,KMB,2019-12-31
384594,USD,2020,Q1,2020-04-22,2021-04-23,341400000.0,344100000.0,5009000000.0,-3218000000.0,1791000000.0,-887000000.0,-873000000.0,,,904000000.0,-70000000.0,-59000000.0,834000000,,834000000,-197000000.0,675000000,,660000000,660000000,KMB,2020-03-31
