SimFinId,Currency,Fiscal Year,Fiscal Period,Publish Date,Restated Date,Shares (Basic),Shares (Diluted),Revenue,Cost of Revenue,Gross Profit,Operating Expenses,"Selling, General & Administrative",Research & Development,Depreciation & Amortization,Operating Income (Loss),Non-Operating Income (Loss),"Interest Expense, Net","Pretax Income (Loss), Adj.",Abnormal Gains (Losses),Pretax Income (Loss),"Income Tax (Expense) Benefit, Net",Income (Loss) from Continuing Operations,Net Extraordinary Gains (Losses),Net Income,Net Income (Common),Ticker,Report_Date
254661,USD,2013,Q2,2013-02-01,2014-02-06,22852000.0,23537000.0,931627000.0,-639649000.0,291978000.0,-222396000.0,-209068000.0,,-13328000.0,69582000.0,-6231000.0,-6231000.0,63351000,,63351000,-23371000.0,39980000,,39676000,39676000,CACI,2012-12-31
254661,USD,2013,Q3,2013-05-06,2014-05-05,23021000.0,23706000.0,906196000.0,-623125000.0,283071000.0,-214451000.0,-200684000.0,,-13767000.0,68620000.0,-6295000.0,-6295000.0,62325000,,62325000,-23838000.0,38487000,,38367000,38367000,CACI,2013-03-31
254661,USD,2013,Q4,2013-08-27,2015-08-21,23135000.0,24317000.0,912931000.0,-627195000.0,285736000.0,-217834000.0,-204090000.0,,-13744000.0,67902000.0,-6510000.0,-6510000.0,61392000,,61392000,-23173000.0,38219000,,37938000,37938000,CACI,2013-06-30
254661,USD,2014,Q1,2013-11-01,2014-11-04,23314000.0,24835000.0,864265000.0,-601422000.0,262843000.0,-201661000.0,-188710000.0,,-12951000.0,61182000.0,-7388000.0,-7388000.0,53794000,,53794000,-20402000.0,33392000,,32992000,32992000,CACI,2013-09-30
254661,USD,2014,Q2,2014-02-06,2015-01-30,23433000.0,25297000.0,894186000.0,-606672000.0,287514000.0,-221060000.0,-204830000.0,,-16230000.0,66454000.0,-9456000.0,-9456000.0,56998000,,56998000,-22088000.0,34910000,,34962000,34962000,CACI,2013-12-31
254661,USD,2014,Q3,2014-05-05,2015-05-01,23473000.0,25973000.0,900393000.0,-605780000.0,294613000.0,-234081000.0,-216164000.0,,-17917000.0,60532000.0,-11480000.0,-11480000.0,49052000,,49052000,-18043000.0,31009000,,30828000,30828000,CACI,2014-03-31
254661,USD,2014,Q4,2014-08-28,2016-08-24,23496000.0,24515000.0,905718000.0,-612646000.0,293072000.0,-223837000.0,-205754000.0,,-18083000.0,69235000.0,-9834000.0,-9834000.0,59401000,,59401000,-22793000.0,36608000,,36534000,36534000,CACI,2014-06-30
254661,USD,2015,Q1,2014-11-04,2015-10-30,23565000.0,24104000.0,814726000.0,-536604000.0,278122000.0,-218063000.0,-200827000.0,,-17236000.0,60059000.0,-9080000.0,-9080000.0,50979000,,50979000,-19722000.0,31257000,,31130000,31130000,CACI,2014-09-30
254661,USD,2015,Q2,2015-01-30,2016-02-05,23890000.0,24314000.0,815423000.0,-546694000.0,268729000.0,-221201000.0,-204406000.0,,-16795000.0,47528000.0,-8600000.0,-8600000.0,38928000,,38928000,-14292000.0,24636000,,24642000,24642000,CACI,2014-12-31
254661,USD,2015,Q3,2015-05-01,2016-05-02,24165000.0,24527000.0,817797000.0,-542841000.0,274956000.0,-221241000.0,-205174000.0,,-16067000.0,53715000.0,-8473000.0,-8473000.0,45242000,,45242000,-16185000.0,29057000,,29039000,29039000,CACI,2015-03-31
254661,USD,2015,Q4,2015-08-21,2017-08-21,24172000.0,24607000.0,865506000.0,-567446000.0,298060000.0,-222981000.0,-206996000.0,,-15985000.0,75079000.0,-8605000.0,-8605000.0,66474000,,66474000,-25128000.0,41346000,,41384000,41384000,CACI,2015-06-30
254661,USD,2016,Q1,2015-10-30,2016-10-28,24208000.0,24721000.0,822442000.0,-537424000.0,285018000.0,-220511000.0,-205700000.0,,-14811000.0,64507000.0,-9182000.0,-9182000.0,55325000,,55325000,-20693000.0,34632000,,34632000,34632000,CACI,2015-09-30
254661,USD,2016,Q2,2016-02-05,2017-02-03,24246000.0,24786000.0,830437000.0,-547140000.0,283297000.0,-227814000.0,-213144000.0,,-14670000.0,55483000.0,-8180000.0,-8180000.0,47303000,,47303000,-16851000.0,30452000,,30452000,30452000,CACI,2015-12-31
254661,USD,2016,Q3,2016-05-02,2017-05-05,24277000.0,24801000.0,977274000.0,-647489000.0,329785000.0,-266109000.0,-249477000.0,,-16632000.0,63676000.0,-11115000.0,-11115000.0,52561000,,52561000,-18445000.0,34116000,,34116000,34116000,CACI,2016-03-31
254661,USD,2016,Q4,2016-08-24,2017-08-21,24317000.0,24900000.0,1113900000.0,-755580000.0,358320000.0,-277236000.0,-258597000.0,,-18639000.0,81084000.0,-12661000.0,-12661000.0,68423000,,68423000,-24824000.0,43599000,,43599000,43599000,CACI,2016-06-30
254661,USD,2017,Q1,2016-10-28,2017-11-06,24340000.0,24928000.0,1073280000.0,-728221000.0,345059000.0,-275401000.0,-257338000.0,,-18063000.0,69658000.0,-12489000.0,-12489000.0,57169000,,57169000,-20506000.0,36663000,,36663000,36663000,CACI,2016-09-30
254661,USD,2017,Q2,2017-02-03,2018-02-01,24387000.0,25069000.0,1057530000.0,-705321000.0,352209000.0,-271954000.0,-253822000.0,,-18132000.0,80255000.0,-12325000.0,-12325000.0,67930000,,67930000,-25510000.0,42420000,,42420000,42420000,CACI,2016-12-31
254661,USD,2017,Q3,2017-05-05,2018-05-04,24419000.0,25106000.0,1086418000.0,-732224000.0,354194000.0,-286940000.0,-269237000.0,,-17703000.0,67254000.0,-12107000.0,-12107000.0,55147000,,55147000,-14790000.0,40357000,,40357000,40357000,CACI,2017-03-31
254661,USD,2017,Q4,2017-08-21,2017-08-21,24458000.0,25173000.0,1137389000.0,-769038000.0,368351000.0,-288257000.0,-270395000.0,,-17862000.0,80094000.0,-11721000.0,-11721000.0,68373000,,68373000,-24142000.0,44231000,,44231000,44231000,CACI,2017-06-30
254661,USD,2018,Q1,2017-11-06,2017-11-06,24487000.0,25243000.0,1085814000.0,-739678000.0,346136000.0,-278832000.0,-261244000.0,,-17588000.0,67304000.0,-11247000.0,-11247000.0,56057000,,56057000,-14011000.0,42046000,,42046000,42046000,CACI,2017-09-30
254661,USD,2018,Q2,2018-02-01,2018-02-01,24622000.0,25211000.0,1087860000.0,-727160000.0,360700000.0,-272438000.0,-254180000.0,,-18258000.0,88262000.0,-10956000.0,-10956000.0,77306000,,77306000,65489000.0,142795000,,142795000,142795000,CACI,2017-12-31
254661,USD,2018,Q3,2018-05-04,2018-05-04,24656000.0,25234000.0,1124100000.0,-728444000.0,395656000.0,-290862000.0,-273145000.0,,-17717000.0,104794000.0,-10566000.0,-10566000.0,94228000,,94228000,-29729000.0,64499000,,64499000,64499000,CACI,2018-03-31
254661,USD,2018,Q4,2018-08-20,2018-08-20,24699000.0,25332000.0,1170086000.0,-783326000.0,386760000.0,-306420000.0,-287787000.0,,-18633000.0,80340000.0,-9267000.0,-9267000.0,71073000,,71073000,-19242000.0,51831000,,51831000,51831000,CACI,2018-06-30
254661,USD,2019,Q1,2018-11-02,2018-11-02,24737000.0,25424000.0,1165864000.0,-782760000.0,383104000.0,-283504000.0,-264757000.0,,-18747000.0,99600000.0,-8886000.0,-8886000.0,90714000,,90714000,-11881000.0,78833000,,78833000,78833000,CACI,2018-09-30
254661,USD,2019,Q2,2019-02-01,2019-02-01,24856000.0,25338000.0,1181641000.0,-790849000.0,390792000.0,-288529000.0,-269677000.0,,-18852000.0,102263000.0,-9421000.0,-9421000.0,92842000,,92842000,-24246000.0,68596000,,68596000,68596000,CACI,2018-12-31
254661,USD,2019,Q3,2019-05-02,2019-05-02,24866000.0,25348000.0,1264958000.0,-824024000.0,440934000.0,-346026000.0,-324828000.0,,-21198000.0,94908000.0,-13466000.0,-13466000.0,81442000,,81442000,-13297000.0,68145000,,68145000,68145000,CACI,2019-03-31
254661,USD,2019,Q4,2019-08-21,2019-08-21,24873000.0,25470000.0,1373878000.0,-906420000.0,467458000.0,-386362000.0,-359282000.0,,-27080000.0,81096000.0,-18185000.0,-18185000.0,62911000,,62911000,-12881000.0,50030000,,50030000,50030000,CACI,2019-06-30
254661,USD,2020,Q1,2019-11-01,2019-11-01,24894000.0,25532000.0,1363392000.0,-878881000.0,484511000.0,-384354000.0,-357592000.0,,-26762000.0,100157000.0,-16811000.0,-16811000.0,83346000,,83346000,-15369000.0,67977000,,67977000,67977000,CACI,2019-09-30
254661,USD,2020,Q2,2020-01-30,2021-01-28,25065000.0,25435000.0,1395469000.0,-904867000.0,490602000.0,-380415000.0,-352448000.0,,-27967000.0,110187000.0,-14714000.0,-14714000.0,95473000,,95473000,-16278000.0,79195000,,79195000,79195000,CACI,2019-12-31
254661,USD,2020,Q3,2020-04-30,2021-04-22,25078000.0,25478000.0,1465600000.0,-953630000.0,511970000.0,-398294000.0,-371135000.0,,-27159000.0,113676000.0,-14087000.0,-14087000.0,99589000,,99589000,-19012000.0,80577000,,80577000,80577000,CACI,2020-03-31
