SimFinId,Currency,Fiscal Year,Fiscal Period,Publish Date,Restated Date,Shares (Basic),Shares (Diluted),Revenue,Cost of Revenue,Gross Profit,Operating Expenses,"Selling, General & Administrative",Research & Development,Depreciation & Amortization,Operating Income (Loss),Non-Operating Income (Loss),"Interest Expense, Net","Pretax Income (Loss), Adj.",Abnormal Gains (Losses),Pretax Income (Loss),"Income Tax (Expense) Benefit, Net",Income (Loss) from Continuing Operations,Net Extraordinary Gains (Losses),Net Income,Net Income (Common),Ticker,Report_Date
61372,USD,2009,Q4,2009-09-25,2011-10-21,625674416.0,778141565.0,5505449000.0,-3845095000.0,1660354000.0,-1240768000.0,-1240768000.0,,,419586000.0,2622000.0,3700000.0,422208000,274000.0,422482000,-116506000.0,305976000,,254692000,254692000,ACN,2009-08-31
61372,USD,2010,Q1,2009-12-18,2010-12-20,631527053.0,774555014.0,5747687000.0,-3963733000.0,1783954000.0,-1037546000.0,-1037546000.0,,,746408000.0,8363000.0,2464000.0,754771000,334000.0,755105000,-230307000.0,524798000,,444817000,444817000,ACN,2009-11-30
61372,USD,2010,Q2,2010-03-26,2011-03-25,638695204.0,769396369.0,5537823000.0,-3847492000.0,1690331000.0,-1039358000.0,-1039358000.0,,,650973000.0,-11281000.0,2510000.0,639692000,-302000.0,639390000,-177511000.0,461879000,,399760000,399760000,ACN,2010-02-28
61372,USD,2010,Q3,2010-06-25,2011-06-24,641355607.0,767162321.0,5975495000.0,-4043845000.0,1931650000.0,-1127820000.0,-1127820000.0,,,803830000.0,-547000.0,5340000.0,803283000,-3000.0,803280000,-239761000.0,563519000,,490597000,490597000,ACN,2010-05-31
61372,USD,2010,Q4,2010-10-26,2012-10-30,637103072.0,756939836.0,5833073000.0,-3988261000.0,1844812000.0,-1131178000.0,-1131178000.0,,,713634000.0,2995000.0,4940000.0,716629000,-35000.0,716594000,-206331000.0,510263000,,445482000,445482000,ACN,2010-08-31
61372,USD,2011,Q1,2010-12-20,2011-12-20,637298491.0,743710606.0,6478193000.0,-4533713000.0,1944480000.0,-1117545000.0,-1117545000.0,,,826935000.0,17744000.0,4657000.0,844679000,-51000.0,844628000,-239072000.0,605556000,,534714000,534714000,ACN,2010-11-30
61372,USD,2011,Q2,2011-03-25,2012-03-23,646292241.0,743782055.0,6496293000.0,-4579069000.0,1917224000.0,-1145647000.0,-1145647000.0,,,771577000.0,3438000.0,6386000.0,775015000,-868000.0,774147000,-208397000.0,565750000,,503017000,503017000,ACN,2011-02-28
61372,USD,2011,Q3,2011-06-24,2012-06-29,651339239.0,746204855.0,7204355000.0,-4894727000.0,2309628000.0,-1360212000.0,-1360212000.0,,,949416000.0,8455000.0,7034000.0,957871000,-22000.0,957849000,-258780000.0,699069000,,628013000,628013000,ACN,2011-05-31
61372,USD,2011,Q4,2011-10-21,2013-10-29,647594709.0,739147732.0,7174073000.0,-4958686000.0,2215387000.0,-1292858000.0,-1292858000.0,,,922529000.0,11928000.0,8006000.0,934457000,941000.0,935398000,-252533000.0,682865000,,611933000,611933000,ACN,2011-08-31
61372,USD,2012,Q1,2011-12-20,2012-12-20,644285298.0,730916739.0,7589108000.0,-5337568000.0,2251540000.0,-1270402000.0,-1270402000.0,,,981138000.0,11889000.0,6354000.0,993027000,,993027000,-281270000.0,711757000,,642086000,642086000,ACN,2011-11-30
61372,USD,2012,Q2,2012-03-23,2013-03-28,646452990.0,730034891.0,7259828000.0,-5143462000.0,2116366000.0,-1227067000.0,-1227067000.0,,,889299000.0,9241000.0,5026000.0,898540000,,898540000,-184350000.0,714190000,,643923000,643923000,ACN,2012-02-29
61372,USD,2012,Q3,2012-06-29,2013-06-28,645761617.0,729528085.0,7640790000.0,-5269885000.0,2370905000.0,-1310144000.0,-1310144000.0,,,1060761000.0,5692000.0,7807000.0,1066453000,,1066453000,-303622000.0,762831000,,689219000,689219000,ACN,2012-05-31
61372,USD,2012,Q4,2012-10-30,2014-10-24,636030499.0,719066901.0,7288259000.0,-5039369000.0,2248890000.0,-1308540000.0,-1308540000.0,,,940350000.0,5804000.0,8302000.0,946154000,,946154000,-309999000.0,636155000,,578282000,578282000,ACN,2012-08-31
61372,USD,2013,Q1,2012-12-20,2013-12-19,639659238.0,717070394.0,7668036000.0,-5301843000.0,2366193000.0,-1317519000.0,-1317519000.0,,,1048674000.0,-2218000.0,4218000.0,1046456000,,1046456000,-280425000.0,766031000,,698817000,698817000,ACN,2012-11-30
61372,USD,2013,Q2,2013-03-28,2014-03-27,649520337.0,715707848.0,7493320000.0,-5262957000.0,2230363000.0,-1065831000.0,-1065831000.0,,,1164532000.0,16817000.0,6218000.0,1181349000,,1181349000,5749000.0,1187098000,,1101802000,1101802000,ACN,2013-02-28
61372,USD,2013,Q3,2013-06-28,2014-06-26,650625931.0,715628354.0,7707935000.0,-5269916000.0,2438019000.0,-1296048000.0,-1296048000.0,,,1141971000.0,4614000.0,3663000.0,1146585000,,1146585000,-272522000.0,874063000,,810258000,810258000,ACN,2013-05-31
61372,USD,2013,Q4,2013-10-29,2015-10-30,642342474.0,704955284.0,7524994000.0,-5175394000.0,2349600000.0,-1366097000.0,-1366097000.0,,,983503000.0,-18599000.0,4759000.0,964904000,,964904000,-237577000.0,727327000,,671001000,671001000,ACN,2013-08-31
61372,USD,2014,Q1,2013-12-19,2014-12-18,636695545.0,698266302.0,7799696000.0,-5350349000.0,2449347000.0,-1358248000.0,-1358248000.0,,,1091099000.0,-7522000.0,3098000.0,1083577000,,1083577000,-271931000.0,811646000,,751846000,751846000,ACN,2013-11-30
61372,USD,2014,Q2,2014-03-27,2015-03-26,635929351.0,693558783.0,7567483000.0,-5337341000.0,2230142000.0,-1278860000.0,-1278860000.0,,,951282000.0,-1154000.0,3612000.0,950128000,,950128000,-227797000.0,722331000,,671300000,671300000,ACN,2014-02-28
61372,USD,2014,Q3,2014-06-26,2015-06-25,633128417.0,691038145.0,8240180000.0,-5703823000.0,2536357000.0,-1357591000.0,-1357591000.0,,,1178766000.0,-2828000.0,3223000.0,1175938000,,1175938000,-294125000.0,881813000,,817336000,817336000,ACN,2014-05-31
61372,USD,2014,Q4,2014-10-24,2016-10-28,631111687.0,686696634.0,8267319000.0,-5798699000.0,2468620000.0,-1389255000.0,-1389255000.0,,,1079365000.0,8693000.0,2816000.0,1088058000,0.0,1088058000,-327890000.0,760168000,,701016000,701016000,ACN,2014-08-31
61372,USD,2015,Q1,2014-12-18,2015-12-17,628439218.0,682333149.0,8343257000.0,-5803967000.0,2539290000.0,-1351581000.0,-1351581000.0,,,1187709000.0,4309000.0,7288000.0,1192018000,,1192018000,-299776000.0,892242000,,831530000,831530000,ACN,2014-11-30
61372,USD,2015,Q2,2015-03-26,2016-03-24,628254759.0,679165137.0,7931590000.0,-5690951000.0,2240639000.0,-1219606000.0,-1219606000.0,,,1021033000.0,-16073000.0,5435000.0,1004960000,0.0,1004960000,-261768000.0,743192000,,690726000,690726000,ACN,2015-02-28
61372,USD,2015,Q3,2015-06-25,2016-06-23,625969418.0,677825768.0,8275066000.0,-5750161000.0,2524905000.0,-1391386000.0,-1391386000.0,,,1133519000.0,-1428000.0,2411000.0,1132091000,0.0,1132091000,-281861000.0,850230000,,793697000,793697000,ACN,2015-05-31
61372,USD,2015,Q4,2015-10-30,2016-10-28,624534949.0,675704226.0,8364511000.0,-5860106000.0,2504405000.0,-1410797000.0,-1410797000.0,,,1093608000.0,-12147000.0,4279000.0,1081461000,0.0,1081461000,-293336000.0,788125000,,737628000,737628000,ACN,2015-08-31
61372,USD,2016,Q1,2015-12-17,2016-12-21,626463124.0,671300744.0,8465984000.0,-5903465000.0,2562519000.0,-1341259000.0,-1341259000.0,,,1221260000.0,7103000.0,3074000.0,1228363000,,1228363000,-359682000.0,868681000,,818899000,818899000,ACN,2015-11-30
61372,USD,2016,Q2,2016-03-24,2017-03-23,626523793.0,668125087.0,8397053000.0,-6027237000.0,2369816000.0,-1281772000.0,-1281772000.0,,,1088044000.0,-19029000.0,2184000.0,1069015000,553577000.0,1622592000,-222734000.0,1399858000,,1326520000,1326520000,ACN,2016-02-29
61372,USD,2016,Q3,2016-06-23,2016-06-23,623725913.0,666403323.0,8969044000.0,-6279492000.0,2689552000.0,-1383609000.0,-1383609000.0,,,1305943000.0,-12239000.0,3968000.0,1293704000,0.0,1293704000,-343421000.0,950283000,,897247000,897247000,ACN,2016-05-31
61372,USD,2016,Q4,2016-10-28,2016-10-28,622478450.0,665251942.0,8965580000.0,-6310040000.0,2655540000.0,-1460342000.0,-1460342000.0,,,1195198000.0,-31531000.0,5000000.0,1163667000,295246000.0,1458913000,-328132000.0,1130781000,,1069226000,1069226000,ACN,2016-08-31
61372,USD,2017,Q1,2016-12-21,2016-12-21,621569764.0,663752830.0,9005603000.0,-6275571000.0,2730032000.0,-1398073000.0,-1398073000.0,,,1331959000.0,-838000.0,5249000.0,1331121000,,1331121000,-271372000.0,1059749000,,1004476000,1004476000,ACN,2016-11-30
61372,USD,2017,Q2,2017-03-23,2017-03-23,621999948.0,661079375.0,8762182000.0,-6258026000.0,2504156000.0,-1365503000.0,-1365503000.0,,,1138653000.0,-7794000.0,4752000.0,1130859000,-12349000.0,1118510000,-231302000.0,887208000,,838752000,838752000,ACN,2017-02-28
61372,USD,2017,Q3,2017-06-22,2017-06-22,619436804.0,658770425.0,9356787000.0,-6447156000.0,2909631000.0,-2044196000.0,-2044196000.0,,,865435000.0,723000.0,4936000.0,866158000,8242000.0,874400000,-169599000.0,704801000,,669468000,669468000,ACN,2017-05-31
61372,USD,2017,Q4,2017-10-26,2017-10-26,617410484.0,658250278.0,9640906000.0,-6754233000.0,2886673000.0,-1590111000.0,-1590111000.0,,,1296562000.0,-8416000.0,7458000.0,1288146000,3855000.0,1292001000,-308827000.0,983174000,,932453000,932453000,ACN,2017-08-31
61372,USD,2018,Q1,2017-12-21,2018-12-20,615835525.0,656671417.0,9884313000.0,-6820160000.0,3064153000.0,-1565977000.0,-1565977000.0,,,1498176000.0,-4052000.0,6729000.0,1494124000,,1494124000,-305582000.0,1188542000,,1123660000,1123660000,ACN,2017-11-30
61372,USD,2018,Q2,2018-03-22,2018-03-22,617854667.0,656118796.0,10067832000.0,-7219438000.0,2848394000.0,-1565630000.0,-1565630000.0,,,1282764000.0,-37967000.0,5619000.0,1244797000,0.0,1244797000,-325257000.0,919540000,,863703000,863703000,ACN,2018-02-28
61372,USD,2018,Q3,2018-06-28,2018-06-28,639217344.0,654600026.0,10838854000.0,-7519726000.0,3319128000.0,-1699402000.0,-1699402000.0,,,1619726000.0,-7168000.0,6848000.0,1612558000,0.0,1612558000,-554417000.0,1058141000,,1043020000,1043020000,ACN,2018-05-31
61372,USD,2018,Q4,2018-10-24,2018-12-20,640899432.0,653794361.0,10201535000.0,-6939846000.0,3261689000.0,-1763576000.0,-1763576000.0,,,1498113000.0,-41499000.0,17602000.0,1456614000,0.0,1456614000,-408243000.0,1048371000,,1029524000,1029524000,ACN,2018-08-31
61372,USD,2019,Q1,2018-12-20,2018-12-20,638877445.0,652151450.0,10605546000.0,-7308121000.0,3297425000.0,-1668413000.0,-1668413000.0,,,1629012000.0,-18528000.0,15126000.0,1610484000,,1610484000,-319160000.0,1291324000,,1274720000,1274720000,ACN,2018-11-30
61372,USD,2019,Q2,2019-03-28,2019-03-28,638639729.0,649170699.0,10454129000.0,-7399780000.0,3054349000.0,-1667723000.0,-1667723000.0,,,1386626000.0,-10372000.0,13462000.0,1376254000,,1376254000,-235534000.0,1140720000,,1124449000,1124449000,ACN,2019-02-28
61372,USD,2019,Q3,2019-06-27,2019-06-27,637831341.0,649297717.0,11099688000.0,-7571390000.0,3528298000.0,-1810355000.0,-1810355000.0,,,1717943000.0,-13636000.0,16054000.0,1704307000,,1704307000,-435658000.0,1268649000,,1249516000,1249516000,ACN,2019-05-31
61372,USD,2019,Q4,2019-10-29,2019-10-29,637043985.0,650199626.0,11055650000.0,-7621034000.0,3434616000.0,-1863123000.0,-1863123000.0,,,1571493000.0,-10741000.0,19903000.0,1560752000,,1560752000,-415204000.0,1145548000,,1130427000,1130427000,ACN,2019-08-31
61372,USD,2020,Q1,2019-12-19,2020-12-17,635722309.0,649389444.0,11358958000.0,-7711199000.0,3647759000.0,-1880496000.0,-1880496000.0,,,1767263000.0,33384000.0,21945000.0,1800647000,,1800647000,-425479000.0,1375168000,,1356968000,1356968000,ACN,2019-11-30
61372,USD,2020,Q2,2020-03-19,2021-03-18,637485626.0,648833880.0,11141505000.0,-7782334000.0,3359171000.0,-1870226000.0,-1870226000.0,,,1488945000.0,20611000.0,12819000.0,1509556000,,1509556000,-257474000.0,1252082000,,1234740000,1234740000,ACN,2020-02-29
