SimFinId,Currency,Fiscal Year,Fiscal Period,Publish Date,Restated Date,Shares (Basic),Shares (Diluted),Revenue,Cost of Revenue,Gross Profit,Operating Expenses,"Selling, General & Administrative",Research & Development,Depreciation & Amortization,Operating Income (Loss),Non-Operating Income (Loss),"Interest Expense, Net","Pretax Income (Loss), Adj.",Abnormal Gains (Losses),Pretax Income (Loss),"Income Tax (Expense) Benefit, Net",Income (Loss) from Continuing Operations,Net Extraordinary Gains (Losses),Net Income,Net Income (Common),Ticker,Report_Date
445771,USD,2010,Q2,2010-08-04,2011-08-08,183071540.0,184447124.0,375000000.0,-260800000.0,114200000.0,-83800000.0,-83800000.0,,,30400000.0,-2800000.0,-1600000.0,27600000,-34200000.0,-6600000,5700000.0,-900000,17500000.0,16600000,16600000,AOS,2010-06-30
445771,USD,2010,Q3,2010-11-04,2011-11-08,183186860.0,185016620.0,377400000.0,-270200000.0,107200000.0,-81900000.0,-81900000.0,,,25300000.0,-2000000.0,-1700000.0,23300000,,23300000,-7100000.0,16200000,15800000.0,32000000,32000000,AOS,2010-09-30
445771,USD,2010,Q4,2011-02-24,2013-02-27,183260696.0,185468060.0,370200000.0,-253900000.0,116300000.0,-86000000.0,-86000000.0,,,30300000.0,-400000.0,-1900000.0,29900000,-1300000.0,28600000,-8200000.0,20400000,11600000.0,32200000,32200000,AOS,2010-12-31
445771,USD,2011,Q1,2011-05-10,2012-05-07,184000052.0,186161884.0,417400000.0,-290400000.0,127000000.0,-89300000.0,-89300000.0,,,37700000.0,-4000000.0,-1800000.0,33700000,,33700000,-9500000.0,24200000,16800000.0,41000000,41000000,AOS,2011-03-31
445771,USD,2011,Q2,2011-08-08,2012-08-03,184758440.0,186585988.0,405300000.0,-293400000.0,111900000.0,-85100000.0,-85100000.0,,,26800000.0,3000000.0,-2100000.0,29800000,11200000.0,41000000,-12400000.0,28600000,21700000.0,50300000,50300000,AOS,2011-06-30
445771,USD,2011,Q3,2011-11-08,2012-11-06,184886412.0,186570092.0,412000000.0,-293300000.0,118700000.0,-92200000.0,-92200000.0,,,26500000.0,13300000.0,-2500000.0,39800000,,39800000,-12900000.0,26900000,155400000.0,182300000,182300000,AOS,2011-09-30
445771,USD,2011,Q4,2012-02-27,2014-02-20,922164120.0,931069812.0,475800000.0,-320800000.0,155000000.0,-106200000.0,-106200000.0,,,48800000.0,-1800000.0,-2900000.0,47000000,0.0,47000000,-15500000.0,31500000,600000.0,32100000,32100000,AOS,2011-12-31
445771,USD,2012,Q1,2012-05-07,2013-05-06,368825544.0,371906688.0,468600000.0,-319500000.0,149100000.0,-105300000.0,-105300000.0,,,43800000.0,26100000.0,-3000000.0,69900000,,69900000,-22400000.0,47500000,,47500000,47500000,AOS,2012-03-31
445771,USD,2012,Q2,2012-08-03,2013-08-05,370206224.0,372591848.0,484200000.0,-323700000.0,160500000.0,-108900000.0,-108900000.0,,,51600000.0,-1000000.0,-2200000.0,50600000,,50600000,-15600000.0,35000000,,35000000,35000000,AOS,2012-06-30
445771,USD,2012,Q3,2012-11-06,2013-11-04,369551616.0,372552736.0,462200000.0,-305400000.0,156800000.0,-111500000.0,-111500000.0,,,45300000.0,300000.0,-1900000.0,45600000,6400000.0,52000000,-15000000.0,37000000,,37000000,37000000,AOS,2012-09-30
445771,USD,2012,Q4,2013-02-27,2015-02-17,369740072.0,372678680.0,524300000.0,-338700000.0,185600000.0,-124800000.0,-124800000.0,,,60800000.0,-300000.0,-2100000.0,60500000,-7000000.0,53500000,-18200000.0,35300000,3900000.0,39200000,39200000,AOS,2012-12-31
445771,USD,2013,Q1,2013-05-06,2014-05-05,370204248.0,372739560.0,509600000.0,-330300000.0,179300000.0,-120000000.0,-120000000.0,,,59300000.0,-500000.0,-1500000.0,58800000,-1700000.0,57100000,-18100000.0,39000000,,39000000,39000000,AOS,2013-03-31
445771,USD,2013,Q2,2013-08-05,2014-08-05,185311114.0,186463816.0,549100000.0,-351100000.0,198000000.0,-131600000.0,-131600000.0,,,66400000.0,-900000.0,-1600000.0,65500000,-4200000.0,61300000,-19200000.0,42100000,,42100000,42100000,AOS,2013-06-30
445771,USD,2013,Q3,2013-11-04,2014-11-03,184101864.0,185456122.0,536200000.0,-339600000.0,196600000.0,-133700000.0,-133700000.0,,,62900000.0,-300000.0,-1400000.0,62600000,-1300000.0,61300000,-15100000.0,46200000,,46200000,46200000,AOS,2013-09-30
445771,USD,2013,Q4,2014-02-20,2016-02-17,184236306.0,185575340.0,558900000.0,-359000000.0,199900000.0,-139200000.0,-139200000.0,,,60700000.0,-200000.0,-1200000.0,60500000,-3800000.0,56700000,-14300000.0,42400000,,42400000,42400000,AOS,2013-12-31
445771,USD,2014,Q1,2014-05-05,2015-05-05,182461764.0,183931990.0,552200000.0,-356300000.0,195900000.0,-130900000.0,-130900000.0,,,65000000.0,-100000.0,-1400000.0,64900000,,64900000,-18200000.0,46700000,,46700000,46700000,AOS,2014-03-31
445771,USD,2014,Q2,2014-08-05,2015-08-10,181018310.0,182312626.0,595400000.0,-379200000.0,216200000.0,-137400000.0,-137400000.0,,,78800000.0,-200000.0,-1400000.0,78600000,,78600000,-21300000.0,57300000,,57300000,57300000,AOS,2014-06-30
445771,USD,2014,Q3,2014-11-03,2015-11-09,179890928.0,181211500.0,581600000.0,-366300000.0,215300000.0,-145500000.0,-145500000.0,,,69800000.0,-500000.0,-1500000.0,69300000,,69300000,-18700000.0,50600000,,50600000,50600000,AOS,2014-09-30
445771,USD,2014,Q4,2015-02-17,2017-02-17,178977030.0,180439732.0,626800000.0,-394900000.0,231900000.0,-158300000.0,-158300000.0,,,73600000.0,300000.0,-1400000.0,73900000,,73900000,-20700000.0,53200000,,53200000,53200000,AOS,2014-12-31
445771,USD,2015,Q1,2015-05-05,2016-05-09,178872992.0,180333850.0,618500000.0,-389300000.0,229200000.0,-147200000.0,-147200000.0,,,82000000.0,800000.0,-1900000.0,82800000,,82800000,-24400000.0,58400000,,58400000,58400000,AOS,2015-03-31
445771,USD,2015,Q2,2015-08-10,2016-08-08,178278228.0,179650310.0,653500000.0,-391100000.0,262400000.0,-159400000.0,-159400000.0,,,103000000.0,200000.0,-2500000.0,103200000,,103200000,-32100000.0,71100000,,71100000,71100000,AOS,2015-06-30
445771,USD,2015,Q3,2015-11-09,2016-11-08,354792784.0,357478296.0,625100000.0,-369500000.0,255600000.0,-149000000.0,-149000000.0,,,106600000.0,600000.0,-1600000.0,107200000,,107200000,-33600000.0,73600000,,73600000,73600000,AOS,2015-09-30
445771,USD,2015,Q4,2016-02-17,2018-02-16,709034236.0,714610984.0,639400000.0,-376800000.0,262600000.0,-155100000.0,-155100000.0,,,107500000.0,1800000.0,-1400000.0,109300000,,109300000,-29500000.0,79800000,,79800000,79800000,AOS,2015-12-31
445771,USD,2016,Q1,2016-05-09,2017-05-08,351388012.0,355621444.0,636900000.0,-374200000.0,262700000.0,-159400000.0,-159400000.0,,,103300000.0,300000.0,-1700000.0,103600000,,103600000,-30100000.0,73500000,,73500000,73500000,AOS,2016-03-31
445771,USD,2016,Q2,2016-08-08,2017-08-08,349923440.0,353997440.0,667000000.0,-383300000.0,283700000.0,-160000000.0,-160000000.0,,,123700000.0,400000.0,-1900000.0,124100000,,124100000,-37000000.0,87100000,,87100000,87100000,AOS,2016-06-30
445771,USD,2016,Q3,2016-11-08,2017-11-06,174409789.0,176548378.0,683900000.0,-400600000.0,283300000.0,-164700000.0,-164700000.0,,,118600000.0,-200000.0,-2100000.0,118400000,,118400000,-35200000.0,83200000,,83200000,83200000,AOS,2016-09-30
445771,USD,2016,Q4,2017-02-17,2018-02-16,174712683.0,176825280.0,698100000.0,-408500000.0,289600000.0,-174800000.0,-174800000.0,,,114800000.0,1600000.0,-1600000.0,116400000,,116400000,-33700000.0,82700000,,82700000,82700000,AOS,2016-12-31
445771,USD,2017,Q1,2017-05-08,2018-05-07,173380076.0,175419919.0,740000000.0,-439100000.0,300900000.0,-183200000.0,-183200000.0,,,117700000.0,2700000.0,-2200000.0,120400000,,120400000,-32700000.0,87700000,,87700000,87700000,AOS,2017-03-31
445771,USD,2017,Q2,2017-08-08,2018-08-06,172992419.0,174889449.0,738200000.0,-434000000.0,304200000.0,-178300000.0,-178300000.0,,,125900000.0,2100000.0,-2500000.0,128000000,,128000000,-35600000.0,92400000,,92400000,92400000,AOS,2017-06-30
445771,USD,2017,Q3,2017-11-06,2018-11-08,172446529.0,174355743.0,749900000.0,-444900000.0,305000000.0,-176800000.0,-176800000.0,,,128200000.0,3400000.0,-2500000.0,131600000,,131600000,-37900000.0,93700000,,93700000,93700000,AOS,2017-09-30
445771,USD,2017,Q4,2018-02-16,2018-02-16,171845200.0,173755645.0,768600000.0,-440000000.0,328600000.0,-179900000.0,-179900000.0,,,148700000.0,-7900000.0,-2900000.0,140800000,,140800000,-118100000.0,22700000,,22700000,22700000,AOS,2017-12-31
445771,USD,2018,Q1,2018-05-07,2018-05-07,171532008.0,173350664.0,788000000.0,-466500000.0,321500000.0,-192900000.0,-192900000.0,,,128600000.0,3500000.0,-2300000.0,132100000,-6700000.0,125400000,-26600000.0,98800000,,98800000,98800000,AOS,2018-03-31
445771,USD,2018,Q2,2018-08-06,2018-08-06,171063565.0,172730166.0,833300000.0,-492300000.0,341000000.0,-197200000.0,-197200000.0,,,143800000.0,2300000.0,-2300000.0,146100000,,146100000,-31600000.0,114500000,,114500000,114500000,AOS,2018-06-30
445771,USD,2018,Q3,2018-11-08,2018-11-08,170507922.0,172084616.0,754100000.0,-448100000.0,306000000.0,-177600000.0,-177600000.0,,,128400000.0,3100000.0,-2000000.0,131500000,,131500000,-26900000.0,104600000,,104600000,104600000,AOS,2018-09-30
445771,USD,2018,Q4,2019-02-15,2019-02-15,169253885.0,170610714.0,812500000.0,-475500000.0,337000000.0,-186100000.0,-186100000.0,,,150900000.0,3900000.0,-1800000.0,154800000,0.0,154800000,-28500000.0,126300000,,126300000,126300000,AOS,2018-12-31
445771,USD,2019,Q1,2019-05-09,2019-05-09,167803794.0,169096142.0,748200000.0,-455400000.0,292800000.0,-184700000.0,-184700000.0,,,108100000.0,3500000.0,-2000000.0,111600000,0.0,111600000,-22300000.0,89300000,,89300000,89300000,AOS,2019-03-31
445771,USD,2019,Q2,2019-08-08,2019-08-08,166825601.0,168086268.0,765400000.0,-456700000.0,308700000.0,-178700000.0,-178700000.0,,,130000000.0,2200000.0,-3400000.0,132200000,0.0,132200000,-30100000.0,102100000,,102100000,102100000,AOS,2019-06-30
445771,USD,2019,Q3,2019-11-06,2019-11-06,164298458.0,165543245.0,728200000.0,-444000000.0,284200000.0,-172300000.0,-172300000.0,,,111900000.0,900000.0,-3100000.0,112800000,0.0,112800000,-25500000.0,87300000,,87300000,87300000,AOS,2019-09-30
445771,USD,2019,Q4,2020-02-24,2020-02-24,162873911.0,164117933.0,750900000.0,-455900000.0,295000000.0,-179900000.0,-179900000.0,,,115100000.0,400000.0,-2500000.0,115500000,0.0,115500000,-24200000.0,91300000,,91300000,91300000,AOS,2019-12-31
445771,USD,2020,Q1,2020-05-05,2021-04-30,161871788.0,162897605.0,636900000.0,-397400000.0,239500000.0,-173800000.0,-173800000.0,,,65700000.0,2000000.0,-2200000.0,67700000,,67700000,-16000000.0,51700000,,51700000,51700000,AOS,2020-03-31
