SimFinId,Currency,Fiscal Year,Fiscal Period,Publish Date,Restated Date,Shares (Basic),Shares (Diluted),Revenue,Cost of Revenue,Gross Profit,Operating Expenses,"Selling, General & Administrative",Research & Development,Depreciation & Amortization,Operating Income (Loss),Non-Operating Income (Loss),"Interest Expense, Net","Pretax Income (Loss), Adj.",Abnormal Gains (Losses),Pretax Income (Loss),"Income Tax (Expense) Benefit, Net",Income (Loss) from Continuing Operations,Net Extraordinary Gains (Losses),Net Income,Net Income (Common),Ticker,Report_Date
1057793,USD,2013,Q3,2013-11-07,2014-11-06,46743000.0,46759000.0,4686903000.0,-4443970000.0,242933000.0,-185591000.0,-44714000.0,,-18128000.0,57342000.0,-4294000.0,-4344000.0,53048000,5698000.0,58746000,-22765000.0,35981000,5748000.0,41729000,41729000,MUSA,2013-09-30
1057793,USD,2013,Q4,2014-02-07,2016-02-26,46743000.0,47187000.0,3925721000.0,-3735024000.0,190697000.0,-135407000.0,-24042000.0,,-19318000.0,55290000.0,-9563000.0,-9657000.0,45727000,-260000.0,45467000,-18185000.0,27282000,66348000.0,93630000,93630000,MUSA,2013-12-31
1057793,USD,2014,Q1,2014-05-06,2015-05-05,46750000.0,46884000.0,4164334000.0,-3970578000.0,193756000.0,-170209000.0,-28071000.0,,-19661000.0,23547000.0,-8968000.0,-9080000.0,14579000,-127000.0,14452000,-5600000.0,8852000,781000.0,9633000,9633000,MUSA,2014-03-31
1057793,USD,2014,Q2,2014-08-07,2015-08-06,46233000.0,46527000.0,4757949000.0,-4457810000.0,300139000.0,-182606000.0,-29698000.0,,-19685000.0,117533000.0,-9620000.0,-10514000.0,107913000,-300000.0,107613000,-34381000.0,73232000,,73232000,73232000,MUSA,2014-06-30
1057793,USD,2014,Q3,2014-11-06,2015-11-05,45726000.0,46090000.0,4622609000.0,-4350354000.0,272255000.0,-172462000.0,-29725000.0,,-19598000.0,99793000.0,-8484000.0,-8599000.0,91309000,-300000.0,91009000,-34377000.0,56632000,6019000.0,62651000,62651000,MUSA,2014-09-30
1057793,USD,2014,Q4,2015-02-27,2017-02-22,45707000.0,46167000.0,3441122000.0,-3155569000.0,285553000.0,-159838000.0,-31772000.0,,-20143000.0,125715000.0,836000.0,-8209000.0,126551000,-279000.0,126272000,-42028000.0,84244000,14103000.0,98347000,98347000,MUSA,2014-12-31
1057793,USD,2015,Q1,2015-05-05,2016-05-09,45633000.0,46036000.0,2920764000.0,-2711639000.0,209125000.0,-166731000.0,-31093000.0,,-21103000.0,42394000.0,-1092000.0,-6456000.0,41302000,-374000.0,40928000,-17411000.0,23517000,-585000.0,22932000,22932000,MUSA,2015-03-31
1057793,USD,2015,Q2,2015-08-06,2016-08-04,44078000.0,44409000.0,3467986000.0,-3239142000.0,228844000.0,-176478000.0,-32886000.0,,-21215000.0,52366000.0,-13168000.0,-8314000.0,39198000,-402000.0,38796000,-13976000.0,24820000,1371000.0,26191000,26191000,MUSA,2015-06-30
1057793,USD,2015,Q3,2015-11-05,2016-11-03,42437000.0,42760000.0,3382507000.0,-3099473000.0,283034000.0,-176262000.0,-33016000.0,,-21695000.0,106772000.0,-8256000.0,-8362000.0,98516000,-4452000.0,94064000,-34043000.0,60021000,510000.0,60531000,60531000,MUSA,2015-09-30
1057793,USD,2015,Q4,2016-02-26,2018-02-20,41588000.0,41971000.0,2928154000.0,-2690644000.0,237510000.0,-182757000.0,-32282000.0,,-22555000.0,54753000.0,-9301000.0,-8222000.0,45452000,-951000.0,44501000,-15268000.0,29233000,37453000.0,66686000,66686000,MUSA,2015-12-31
1057793,USD,2016,Q1,2016-05-09,2017-05-04,40909000.0,41255000.0,2490262000.0,-2258931000.0,231331000.0,-171763000.0,-31503000.0,,-23486000.0,59568000.0,-9275000.0,-9308000.0,50293000,89052000.0,139345000,-53471000.0,85874000,,85874000,85874000,MUSA,2016-03-31
1057793,USD,2016,Q2,2016-08-04,2017-08-03,39360000.0,39720000.0,3005762000.0,-2739737000.0,266025000.0,-181150000.0,-32320000.0,,-23685000.0,84875000.0,-9875000.0,-9960000.0,75000000,-902000.0,74098000,-27788000.0,46310000,,46310000,46310000,MUSA,2016-06-30
1057793,USD,2016,Q3,2016-11-03,2017-11-02,38896000.0,39174000.0,3042738000.0,-2778753000.0,263985000.0,-184293000.0,-30726000.0,,-25576000.0,79692000.0,-7190000.0,-10038000.0,72502000,-746000.0,71756000,-26265000.0,45491000,,45491000,45491000,MUSA,2016-09-30
1057793,USD,2016,Q4,2017-02-22,2019-02-19,37911000.0,38435000.0,3055838000.0,-2801079000.0,254759000.0,-177394000.0,-28151000.0,,-25853000.0,77365000.0,-9660000.0,-9794000.0,67705000,-804000.0,66901000,-23076000.0,43825000,,43825000,43825000,MUSA,2016-12-31
1057793,USD,2017,Q1,2017-05-04,2018-05-03,36880000.0,36880000.0,2999600000.0,-2806300000.0,193300000.0,-190000000.0,-38200000.0,,-27000000.0,3300000.0,-9200000.0,-9400000.0,-5900000,-3900000.0,-9800000,6800000.0,-3000000,,-3000000,-3000000,MUSA,2017-03-31
1057793,USD,2017,Q2,2017-08-03,2018-08-02,36525000.0,36861000.0,3211100000.0,-2921100000.0,290000000.0,-188300000.0,-31400000.0,,-27500000.0,101700000.0,-11400000.0,-11400000.0,90300000,-400000.0,89900000,-34400000.0,55500000,,55500000,55500000,MUSA,2017-06-30
1057793,USD,2017,Q3,2017-11-02,2018-11-01,35423000.0,35745000.0,3236300000.0,-2927000000.0,309300000.0,-190900000.0,-31500000.0,,-29000000.0,118400000.0,-9300000.0,-12300000.0,109100000,-400000.0,108700000,-40800000.0,67900000,,67900000,67900000,MUSA,2017-09-30
1057793,USD,2017,Q4,2018-02-20,2020-02-18,34436000.0,35138000.0,3379600000.0,-3110200000.0,269400000.0,-203800000.0,-40100000.0,,-33400000.0,65600000.0,-13300000.0,-12300000.0,52300000,-1000000.0,51300000,73600000.0,124900000,,124900000,124900000,MUSA,2017-12-31
1057793,USD,2018,Q1,2018-05-03,2019-05-01,33698000.0,34062000.0,3244200000.0,-3037300000.0,206900000.0,-193700000.0,-34500000.0,,-31800000.0,13200000.0,-12700000.0,-12700000.0,500000,46800000.0,47300000,-8000000.0,39300000,,39300000,39300000,MUSA,2018-03-31
1057793,USD,2018,Q2,2018-08-02,2019-08-08,32550000.0,32842000.0,3829000000.0,-3546300000.0,282700000.0,-203000000.0,-35200000.0,,-33000000.0,79700000.0,-13000000.0,-13100000.0,66700000,2400000.0,69100000,-17300000.0,51800000,,51800000,51800000,MUSA,2018-06-30
1057793,USD,2018,Q3,2018-11-01,2019-10-31,32213000.0,32536000.0,3788000000.0,-3510500000.0,277500000.0,-206500000.0,-32600000.0,,-34200000.0,71000000.0,-13000000.0,-13000000.0,58000000,-1000000.0,57000000,-12000000.0,45000000,,45000000,45000000,MUSA,2018-09-30
1057793,USD,2018,Q4,2019-02-19,2021-02-19,32235000.0,32492000.0,3501700000.0,-3179500000.0,322200000.0,-208300000.0,-33900000.0,,-35000000.0,113900000.0,-12500000.0,-12600000.0,101400000,-900000.0,100500000,-23000000.0,77500000,,77500000,77500000,MUSA,2018-12-31
1057793,USD,2019,Q1,2019-05-01,2020-04-30,32206000.0,32420000.0,3116400000.0,-2890200000.0,226200000.0,-207100000.0,-34600000.0,,-39700000.0,19100000.0,-12700000.0,-12900000.0,6400000,-500000.0,5900000,-600000.0,5300000,,5300000,5300000,MUSA,2019-03-31
1057793,USD,2019,Q2,2019-08-08,2020-07-30,32112000.0,32328000.0,3800400000.0,-3527000000.0,273400000.0,-217200000.0,-35100000.0,,-36500000.0,56200000.0,-12400000.0,-12300000.0,43800000,-500000.0,43300000,-10600000.0,32700000,,32700000,32700000,MUSA,2019-06-30
1057793,USD,2019,Q3,2019-10-31,2020-10-29,31447000.0,31704000.0,3657600000.0,-3319500000.0,338100000.0,-217000000.0,-36000000.0,,-37600000.0,121100000.0,-14600000.0,-14500000.0,106500000,-15200000.0,91300000,-22100000.0,69200000,,69200000,69200000,MUSA,2019-09-30
1057793,USD,2019,Q4,2020-02-18,2021-02-19,30611000.0,30980000.0,3460200000.0,-3171400000.0,288800000.0,-214800000.0,-38900000.0,,-38400000.0,74000000.0,-11600000.0,-12000000.0,62400000,-500000.0,61900000,-14300000.0,47600000,,47600000,47600000,MUSA,2019-12-31
1057793,USD,2020,Q1,2020-04-30,2021-04-29,30235000.0,30541000.0,3184800000.0,-2839800000.0,345000000.0,-213700000.0,-39200000.0,,-39400000.0,131300000.0,-13500000.0,-12500000.0,117800000,-500000.0,117300000,-28000000.0,89300000,,89300000,89300000,MUSA,2020-03-31
