SimFinId,Currency,Fiscal Year,Fiscal Period,Publish Date,Restated Date,Shares (Basic),Shares (Diluted),Revenue,Cost of Revenue,Gross Profit,Operating Expenses,"Selling, General & Administrative",Research & Development,Depreciation & Amortization,Operating Income (Loss),Non-Operating Income (Loss),"Interest Expense, Net","Pretax Income (Loss), Adj.",Abnormal Gains (Losses),Pretax Income (Loss),"Income Tax (Expense) Benefit, Net",Income (Loss) from Continuing Operations,Net Extraordinary Gains (Losses),Net Income,Net Income (Common),Ticker,Report_Date
448011,USD,2010,Q2,2010-05-05,2011-05-06,81175261.0,82569323.0,667980000.0,-332923000.0,335057000.0,-183426000.0,-116261000.0,,-46725000.0,151631000.0,-21799000.0,-23737000.0,129832000,,129832000,-49958000.0,79874000,554000.0,80428000,80428000,NFG,2010-03-31
448011,USD,2010,Q3,2010-08-06,2010-08-06,81801377.0,82970921.0,354127000.0,-98400000.0,255727000.0,-166581000.0,-97388000.0,,-50588000.0,89146000.0,-20945000.0,-22420000.0,68201000,,68201000,-25616000.0,42585000,,42585000,42585000,NFG,2010-06-30
448011,USD,2010,Q4,2010-11-05,2012-11-21,81932795.0,82929499.0,284261000.0,-55819000.0,228442000.0,-154405000.0,-87150000.0,,-49098000.0,74037000.0,-19818000.0,-21774000.0,54219000,,54219000,-21770000.0,32449000,5952000.0,38401000,38401000,NFG,2010-09-30
448011,USD,2011,Q1,2011-02-04,2012-02-03,82223428.0,83420351.0,450948000.0,-163038000.0,287910000.0,-170499000.0,-97450000.0,,-53313000.0,117411000.0,-20816000.0,-20709000.0,96595000,,96595000,-38052000.0,58543000,,58543000,58543000,NFG,2010-12-31
448011,USD,2011,Q2,2011-05-06,2012-05-04,82400851.0,83673977.0,660881000.0,-306595000.0,354286000.0,-200530000.0,-116721000.0,,-60011000.0,153756000.0,-16888000.0,-19312000.0,136868000,50879000.0,187747000,-72136000.0,115611000,,115611000,115611000,NFG,2011-03-31
448011,USD,2011,Q3,2011-08-09,2012-08-03,82687467.0,83782493.0,380979000.0,-112725000.0,268254000.0,-173450000.0,-95977000.0,,-57293000.0,94804000.0,-16897000.0,-18710000.0,77907000,0.0,77907000,-31016000.0,46891000,,46891000,46891000,NFG,2011-06-30
448011,USD,2011,Q4,2011-11-23,2013-11-22,82744314.0,83806387.0,286034000.0,-46374000.0,239660000.0,-164469000.0,-90371000.0,,-55910000.0,75191000.0,-14657000.0,-16474000.0,60534000,0.0,60534000,-23177000.0,37357000,,37357000,37357000,NFG,2011-09-30
448011,USD,2012,Q1,2012-02-03,2013-02-08,82870931.0,83699981.0,432423000.0,-132193000.0,300230000.0,-181836000.0,-100059000.0,,-62547000.0,118394000.0,-16970000.0,-18306000.0,101424000,,101424000,-40725000.0,60699000,,60699000,60699000,NFG,2011-12-31
448011,USD,2012,Q2,2012-05-03,2013-05-03,83107884.0,83678261.0,552309000.0,-208537000.0,343772000.0,-211675000.0,-118047000.0,,-63151000.0,132097000.0,-19832000.0,-21486000.0,112265000,,112265000,-44873000.0,67392000,,67392000,67392000,NFG,2012-03-31
448011,USD,2012,Q3,2012-08-03,2013-08-09,83227602.0,83674823.0,328861000.0,-50160000.0,278701000.0,-188408000.0,-93749000.0,,-74227000.0,90293000.0,-20881000.0,-21967000.0,69412000,,69412000,-26228000.0,43184000,,43184000,43184000,NFG,2012-06-30
448011,USD,2012,Q4,2012-11-02,2014-11-21,83304959.0,83906019.0,313260000.0,-24699000.0,288561000.0,-181296000.0,-89542000.0,,-71605000.0,107265000.0,-19735000.0,-20792000.0,87530000,,87530000,-38728000.0,48802000,,48802000,48802000,NFG,2012-09-30
448011,USD,2013,Q1,2013-02-08,2014-02-07,83390278.0,84006050.0,452854000.0,-121919000.0,330935000.0,-199727000.0,-107732000.0,,-72331000.0,131208000.0,-19715000.0,-21130000.0,111493000,,111493000,-43549000.0,67944000,,67944000,67944000,NFG,2012-12-31
448011,USD,2013,Q2,2013-05-03,2014-05-09,83498508.0,84159734.0,597826000.0,-209817000.0,388009000.0,-225018000.0,-122303000.0,,-80030000.0,162991000.0,-22085000.0,-23172000.0,140906000,,140906000,-55186000.0,85720000,,85720000,85720000,NFG,2013-03-31
448011,USD,2013,Q3,2013-08-09,2014-08-08,83557968.0,84325465.0,440008000.0,-95164000.0,344844000.0,-217840000.0,-108497000.0,,-88142000.0,127004000.0,-22821000.0,-23984000.0,104183000,,104183000,-45688000.0,58495000,,58495000,58495000,NFG,2013-06-30
448011,USD,2013,Q4,2013-11-22,2015-11-20,83628674.0,84873631.0,338863000.0,-33532000.0,305331000.0,-208696000.0,-103558000.0,,-86257000.0,96635000.0,-20458000.0,-21490000.0,76177000,,76177000,-28335000.0,47842000,,47842000,47842000,NFG,2013-09-30
448011,USD,2014,Q1,2014-02-07,2015-01-30,83707687.0,84659001.0,550072000.0,-167605000.0,382467000.0,-221886000.0,-107846000.0,,-93114000.0,160581000.0,-22904000.0,-23132000.0,137677000,,137677000,-55425000.0,82252000,,82252000,82252000,NFG,2013-12-31
448011,USD,2014,Q2,2014-05-09,2015-05-01,83856120.0,84837123.0,756242000.0,-322772000.0,433470000.0,-253395000.0,-137716000.0,,-89975000.0,180075000.0,-18769000.0,-23892000.0,161306000,,161306000,-66095000.0,95211000,,95211000,95211000,NFG,2014-03-31
448011,USD,2014,Q3,2014-08-08,2015-08-07,84029124.0,84973100.0,440144000.0,-86628000.0,353516000.0,-226503000.0,-107232000.0,,-96788000.0,127013000.0,-21386000.0,-22882000.0,105627000,,105627000,-41107000.0,64520000,,64520000,64520000,NFG,2014-06-30
448011,USD,2014,Q4,2014-11-21,2016-11-18,84127025.0,85340164.0,366623000.0,-106755000.0,259868000.0,-157864000.0,156260000.0,,-103904000.0,102004000.0,-17587000.0,-20201000.0,84417000,,84417000,-26987000.0,57430000,,57430000,57430000,NFG,2014-09-30
448011,USD,2015,Q1,2015-01-30,2016-02-05,84208645.0,85118516.0,523909000.0,-127091000.0,396818000.0,-236258000.0,-112582000.0,,-102747000.0,160560000.0,-20660000.0,-21843000.0,139900000,,139900000,-55160000.0,84740000,,84740000,84740000,NFG,2014-12-31
448011,USD,2015,Q2,2015-05-01,2016-05-04,84317508.0,85133142.0,596127000.0,-210175000.0,385952000.0,-221273000.0,-62764000.0,,-82687000.0,164679000.0,-22526000.0,-23914000.0,142153000,-120348000.0,21805000,-5136000.0,16669000,,16669000,16669000,NFG,2015-03-31
448011,USD,2015,Q3,2015-08-07,2016-08-05,84453602.0,85248281.0,339815000.0,-47310000.0,292505000.0,-193007000.0,-44263000.0,,-79865000.0,99498000.0,-20827000.0,-22893000.0,78671000,-588712000.0,-510041000,216907000.0,-293134000,,-293134000,-293134000,NFG,2015-06-30
448011,USD,2015,Q4,2015-11-20,2017-11-17,84571265.0,82051081.0,301062000.0,-48138000.0,252924000.0,-162457000.0,16360000.0,,-70859000.0,90467000.0,-23497000.0,-26899000.0,66970000,-417197000.0,-350227000,162525000.0,-187702000,,-187702000,-187702000,NFG,2015-09-30
448011,USD,2016,Q1,2016-02-05,2017-02-03,84651233.0,84651233.0,375195000.0,-61636000.0,313559000.0,-184032000.0,-47549000.0,,-70551000.0,129527000.0,-27535000.0,-29953000.0,101992000,-435451000.0,-333459000,144350000.0,-189109000,,-189109000,-189109000,NFG,2015-12-31
448011,USD,2016,Q2,2016-05-04,2017-05-05,84806982.0,84806982.0,449132000.0,-103164000.0,345968000.0,-185525000.0,-57309000.0,,-63947000.0,160443000.0,-26717000.0,-29953000.0,133726000,-397443000.0,-263717000,116030000.0,-147687000,,-147687000,-147687000,NFG,2016-03-31
448011,USD,2016,Q3,2016-08-05,2017-08-04,84917664.0,85470216.0,335617000.0,-46692000.0,288925000.0,-161106000.0,-46616000.0,,-58802000.0,127819000.0,-28135000.0,-29654000.0,99684000,-82658000.0,17026000,-8740000.0,8286000,,8286000,8286000,NFG,2016-06-30
448011,USD,2016,Q4,2016-11-18,2018-11-16,85016093.0,84463541.0,292472000.0,-25291000.0,267181000.0,-153181000.0,-41038000.0,,-56117000.0,114000000.0,-24602000.0,-27249000.0,89398000,-32755000.0,56643000,-19091000.0,37552000,,37552000,37552000,NFG,2016-09-30
448011,USD,2017,Q1,2017-02-03,2018-02-02,85189851.0,85797989.0,422500000.0,-92903000.0,329597000.0,-157458000.0,-50422000.0,,-56196000.0,172139000.0,-26799000.0,-28413000.0,145340000,,145340000,-56432000.0,88908000,,88908000,88908000,NFG,2016-12-31
448011,USD,2017,Q2,2017-05-05,2018-05-04,85334887.0,86006614.0,522075000.0,-171077000.0,350998000.0,-181041000.0,-63907000.0,,-56999000.0,169957000.0,-27702000.0,-29446000.0,142255000,,142255000,-52971000.0,89284000,,89284000,89284000,NFG,2017-03-31
448011,USD,2017,Q3,2017-08-04,2018-08-03,85422313.0,86064464.0,348368000.0,-69385000.0,278983000.0,-155629000.0,-44467000.0,,-55617000.0,123354000.0,-27848000.0,-29218000.0,95506000,,95506000,-35792000.0,59714000,,59714000,59714000,NFG,2017-06-30
448011,USD,2017,Q4,2017-11-17,2019-11-15,85512665.0,86216477.0,286938000.0,-32807000.0,254131000.0,-125803000.0,-10935000.0,,-55383000.0,128328000.0,-67265000.0,-32760000.0,61063000,,61063000,-15487000.0,45576000,,45576000,45576000,NFG,2017-09-30
448011,USD,2018,Q1,2018-02-02,2019-02-01,85630296.0,86325537.0,419655000.0,-114345000.0,305310000.0,-155841000.0,-44080000.0,,-55830000.0,149469000.0,-32092000.0,-28589000.0,117377000,,117377000,81277000.0,198654000,,198654000,198654000,NFG,2017-12-31
448011,USD,2018,Q2,2018-05-04,2019-05-03,85809233.0,86323636.0,540905000.0,-199524000.0,341381000.0,-169792000.0,-46708000.0,,-61155000.0,171589000.0,-41473000.0,-28381000.0,130116000,,130116000,-38269000.0,91847000,,91847000,91847000,NFG,2018-03-31
448011,USD,2018,Q3,2018-08-03,2019-08-02,85930289.0,86501194.0,342912000.0,-77255000.0,265657000.0,-151654000.0,-39560000.0,,-60817000.0,114003000.0,-31795000.0,-28183000.0,82208000,,82208000,-19183000.0,63025000,,63025000,63025000,NFG,2018-06-30
448011,USD,2018,Q4,2018-11-16,2020-11-20,85952570.0,86608425.0,289196000.0,-48036000.0,241160000.0,-156498000.0,-38537000.0,,-63159000.0,84662000.0,-30336000.0,-29369000.0,54326000,,54326000,-16331000.0,37995000,,37995000,37995000,NFG,2018-09-30
448011,USD,2019,Q1,2019-02-01,2020-01-31,86032729.0,86708814.0,490247000.0,-163594000.0,326653000.0,-164970000.0,-43915000.0,,-64255000.0,161683000.0,-36114000.0,-26512000.0,125569000,,125569000,-22909000.0,102660000,,102660000,102660000,NFG,2018-12-31
448011,USD,2019,Q2,2019-05-03,2020-05-01,86290047.0,86767673.0,552544000.0,-222286000.0,330258000.0,-176899000.0,-48559000.0,,-65664000.0,153359000.0,-32979000.0,-27060000.0,120380000,,120380000,-29785000.0,90595000,,90595000,90595000,NFG,2019-03-31
448011,USD,2019,Q3,2019-08-02,2020-08-07,86306434.0,86839841.0,357200000.0,-76514000.0,280686000.0,-167859000.0,-39607000.0,,-71072000.0,112827000.0,-27961000.0,-26505000.0,84866000,,84866000,-21113000.0,63753000,,63753000,63753000,NFG,2019-06-30
448011,USD,2019,Q4,2019-11-15,2020-11-20,86312990.0,86776708.0,293341000.0,-35654000.0,257687000.0,-173747000.0,-39391000.0,,-74669000.0,83940000.0,-25244000.0,-26679000.0,58696000,,58696000,-11414000.0,47282000,,47282000,47282000,NFG,2019-09-30
448011,USD,2020,Q1,2020-01-31,2021-02-05,86378450.0,86883152.0,444188000.0,-118157000.0,326031000.0,-178011000.0,-43256000.0,,-74918000.0,148020000.0,-30034000.0,-26994000.0,117986000,,117986000,-31395000.0,86591000,,86591000,86591000,NFG,2019-12-31
448011,USD,2020,Q2,2020-05-01,2021-05-07,86561066.0,86561066.0,491095000.0,-145575000.0,345520000.0,-192339000.0,-51725000.0,,-77912000.0,153181000.0,-44642000.0,-27162000.0,108539000,-177761000.0,-69222000,-36846000.0,-106068000,,-106068000,-106068000,NFG,2020-03-31
