SimFinId,Currency,Fiscal Year,Fiscal Period,Publish Date,Restated Date,Shares (Basic),Shares (Diluted),Revenue,Cost of Revenue,Gross Profit,Operating Expenses,"Selling, General & Administrative",Research & Development,Depreciation & Amortization,Operating Income (Loss),Non-Operating Income (Loss),"Interest Expense, Net","Pretax Income (Loss), Adj.",Abnormal Gains (Losses),Pretax Income (Loss),"Income Tax (Expense) Benefit, Net",Income (Loss) from Continuing Operations,Net Extraordinary Gains (Losses),Net Income,Net Income (Common),Ticker,Report_Date
45730,USD,2012,Q2,2012-08-22,2012-09-05,30521000.0,31081000.0,112213000.0,-75151000.0,37062000.0,-33512000.0,-33512000.0,,,3550000.0,437000.0,434000.0,3987000,,3987000,-1396000.0,2591000,,2591000,2591000,ZUMZ,2012-07-31
45730,USD,2012,Q3,2012-12-02,2012-12-05,30599000.0,31122000.0,153951000.0,-94030000.0,59921000.0,-37104000.0,-37104000.0,,,22817000.0,311000.0,440000.0,23128000,,23128000,-8991000.0,14137000,,14137000,14137000,ZUMZ,2012-10-31
45730,USD,2012,Q4,2013-02-22,2014-03-18,30645000.0,31189000.0,183859000.0,-112356000.0,71503000.0,-40190000.0,-40190000.0,,,31313000.0,141000.0,449000.0,31454000,,31454000,-12717000.0,18737000,,18737000,18737000,ZUMZ,2013-01-31
45730,USD,2013,Q1,2013-05-22,2013-05-29,30779000.0,31401000.0,129899000.0,-87798000.0,42101000.0,-34839000.0,-34839000.0,,,7262000.0,507000.0,490000.0,7769000,,7769000,-3242000.0,4527000,,4527000,4527000,ZUMZ,2013-04-30
45730,USD,2013,Q2,2013-07-31,2013-09-11,30922000.0,31460000.0,135066000.0,-88641000.0,46425000.0,-42647000.0,-42647000.0,,,3778000.0,1038000.0,427000.0,4816000,,4816000,-2730000.0,2086000,,2086000,2086000,ZUMZ,2013-07-31
45730,USD,2013,Q3,2013-10-31,2013-12-11,30957000.0,31416000.0,180023000.0,-112948000.0,67075000.0,-45674000.0,-45674000.0,,,21401000.0,50000.0,235000.0,21451000,,21451000,-8784000.0,12667000,,12667000,12667000,ZUMZ,2013-10-31
45730,USD,2013,Q4,2014-01-31,2015-03-19,30310000.0,30815000.0,224405000.0,-138722000.0,85683000.0,-49582000.0,-49582000.0,,,36101000.0,142000.0,258000.0,36243000,,36243000,-13359000.0,22884000,,22884000,22884000,ZUMZ,2014-01-31
45730,USD,2014,Q1,2014-04-30,2014-05-28,29714000.0,30183000.0,148496000.0,-100524000.0,47972000.0,-43943000.0,-43943000.0,,,4029000.0,69000.0,215000.0,4098000,,4098000,-1600000.0,2498000,,2498000,2498000,ZUMZ,2014-04-30
45730,USD,2014,Q2,2014-07-31,2014-09-10,29842000.0,30232000.0,157858000.0,-102738000.0,55120000.0,-47285000.0,-47285000.0,,,7835000.0,-16000.0,158000.0,7819000,,7819000,-3080000.0,4739000,,4739000,4739000,ZUMZ,2014-07-31
45730,USD,2014,Q3,2014-10-31,2014-12-09,29895000.0,30257000.0,191145000.0,-120356000.0,70789000.0,-50111000.0,-50111000.0,,,20678000.0,-416000.0,171000.0,20262000,,20262000,-8402000.0,11860000,,11860000,11860000,ZUMZ,2014-10-31
45730,USD,2014,Q4,2015-01-31,2017-03-13,29789000.0,30152000.0,314052000.0,-200850000.0,113202000.0,-74173000.0,-74173000.0,,,39029000.0,443000.0,93000.0,39472000,,39472000,-15377000.0,24095000,,24095000,24095000,ZUMZ,2015-01-31
45730,USD,2015,Q1,2015-04-30,2015-06-09,28861000.0,29213000.0,162932000.0,-112399000.0,50533000.0,-46820000.0,-46820000.0,,,3713000.0,268000.0,182000.0,3981000,,3981000,-1485000.0,2496000,,2496000,2496000,ZUMZ,2015-04-30
45730,USD,2015,Q2,2015-07-31,2015-09-10,28776000.0,29057000.0,176709000.0,-115797000.0,60912000.0,-49307000.0,-49307000.0,,,11605000.0,349000.0,146000.0,11954000,,11954000,-4498000.0,7456000,,7456000,7456000,ZUMZ,2015-07-31
45730,USD,2015,Q3,2015-10-31,2016-12-06,28857000.0,29147000.0,204320000.0,-134261000.0,70059000.0,-54835000.0,-54835000.0,,,15224000.0,13000.0,84000.0,15237000,,15237000,-5584000.0,9653000,,9653000,9653000,ZUMZ,2015-10-31
45730,USD,2015,Q4,2016-01-31,2017-03-13,28990000.0,29735000.0,260222000.0,-173102000.0,87120000.0,-71497000.0,-71497000.0,,,15623000.0,-934000.0,117000.0,14689000,,14689000,-5509000.0,9180000,,9180000,9180000,ZUMZ,2016-01-31
45730,USD,2016,Q1,2016-04-30,2017-06-06,29141000.0,29486000.0,172970000.0,-123012000.0,49958000.0,-53899000.0,-53899000.0,,,-3941000.0,530000.0,31000.0,-3411000,,-3411000,1274000.0,-2137000,,-2137000,-2137000,ZUMZ,2016-04-30
45730,USD,2016,Q2,2016-07-31,2017-09-07,28311000.0,28439000.0,178272000.0,-123428000.0,54844000.0,-55980000.0,-55980000.0,,,-1136000.0,-228000.0,28000.0,-1364000,,-1364000,526000.0,-838000,,-838000,-838000,ZUMZ,2016-07-31
45730,USD,2016,Q3,2016-10-31,2017-12-04,26467000.0,26602000.0,221391000.0,-145213000.0,76178000.0,-59265000.0,-59265000.0,,,16913000.0,-26000.0,-37000.0,16887000,,16887000,-6192000.0,10695000,,10695000,10695000,ZUMZ,2016-10-31
45730,USD,2016,Q4,2017-01-31,2017-03-13,26069000.0,26165000.0,263635000.0,-169613000.0,94022000.0,-66115000.0,-66115000.0,,,27907000.0,205000.0,10000.0,28112000,,28112000,-9928000.0,18184000,,18184000,18184000,ZUMZ,2017-01-31
45730,USD,2017,Q1,2017-04-30,2017-06-06,25185000.0,25185000.0,181155000.0,-129106000.0,52049000.0,-58283000.0,-58283000.0,,,-6234000.0,-368000.0,82000.0,-6602000,,-6602000,2154000.0,-4448000,,-4448000,-4448000,ZUMZ,2017-04-30
45730,USD,2017,Q2,2017-07-31,2017-09-07,24712000.0,24712000.0,192245000.0,-132449000.0,59796000.0,-60558000.0,-60558000.0,,,-762000.0,69000.0,92000.0,-693000,,-693000,85000.0,-608000,,-608000,-608000,ZUMZ,2017-07-31
45730,USD,2017,Q3,2017-12-04,2017-12-04,24712000.0,24804000.0,245756000.0,-162389000.0,83367000.0,-64559000.0,-64559000.0,,,18808000.0,-215000.0,111000.0,18593000,,18593000,-6671000.0,11922000,,11922000,11922000,ZUMZ,2017-10-31
45730,USD,2017,Q4,2018-03-19,2018-03-19,24107000.0,24811000.0,308245000.0,-193583000.0,114662000.0,-77714000.0,-77714000.0,,,36948000.0,157000.0,210000.0,37105000,,37105000,-17169000.0,19936000,,19936000,19936000,ZUMZ,2018-01-31
45730,USD,2018,Q1,2018-06-11,2018-06-11,24831000.0,24831000.0,206287000.0,-143700000.0,62587000.0,-64296000.0,-64296000.0,,,-1709000.0,-199000.0,283000.0,-1908000,,-1908000,-699000.0,-2607000,,-2607000,-2607000,ZUMZ,2018-04-30
45730,USD,2018,Q2,2018-09-10,2018-09-10,24955000.0,25188000.0,218971000.0,-146436000.0,72535000.0,-65837000.0,-65837000.0,,,6698000.0,486000.0,238000.0,7184000,,7184000,-2807000.0,4377000,,4377000,4377000,ZUMZ,2018-07-31
45730,USD,2018,Q3,2018-12-10,2018-12-10,24974000.0,25261000.0,248795000.0,-161922000.0,86873000.0,-68479000.0,-68479000.0,,,18394000.0,419000.0,493000.0,18813000,,18813000,-4990000.0,13823000,,13823000,13823000,ZUMZ,2018-10-31
45730,USD,2018,Q4,2019-03-18,2019-03-18,24984000.0,25568000.0,304564000.0,-190623000.0,113941000.0,-76246000.0,-76246000.0,,,37695000.0,546000.0,678000.0,38241000,,38241000,-8629000.0,29612000,,29612000,29612000,ZUMZ,2019-01-31
45730,USD,2019,Q1,2019-06-10,2019-06-10,25090000.0,25351000.0,212928000.0,-146464000.0,66464000.0,-65496000.0,-65496000.0,,,968000.0,1005000.0,852000.0,1973000,,1973000,-1180000.0,793000,,793000,793000,ZUMZ,2019-04-30
45730,USD,2019,Q2,2019-09-09,2019-09-09,25199000.0,25402000.0,228425000.0,-151229000.0,77196000.0,-65523000.0,-65523000.0,,,11673000.0,1357000.0,798000.0,13030000,,13030000,-4005000.0,9025000,,9025000,9025000,ZUMZ,2019-07-31
45730,USD,2019,Q3,2019-12-09,2020-12-07,25231000.0,25560000.0,264022000.0,-169446000.0,94576000.0,-70266000.0,-70266000.0,,,24310000.0,1277000.0,1002000.0,25587000,,25587000,-6408000.0,19179000,,19179000,19179000,ZUMZ,2019-10-31
45730,USD,2019,Q4,2020-03-16,2020-03-16,25280000.0,25827000.0,328754000.0,-200427000.0,128327000.0,-79471000.0,-79471000.0,,,48856000.0,1547000.0,1002000.0,50403000,,50403000,-12519000.0,37884000,,37884000,37884000,ZUMZ,2020-01-31
