SimFinId,Currency,Fiscal Year,Fiscal Period,Publish Date,Restated Date,Shares (Basic),Shares (Diluted),Revenue,Cost of Revenue,Gross Profit,Operating Expenses,"Selling, General & Administrative",Research & Development,Depreciation & Amortization,Operating Income (Loss),Non-Operating Income (Loss),"Interest Expense, Net","Pretax Income (Loss), Adj.",Abnormal Gains (Losses),Pretax Income (Loss),"Income Tax (Expense) Benefit, Net",Income (Loss) from Continuing Operations,Net Extraordinary Gains (Losses),Net Income,Net Income (Common),Ticker,Report_Date
378229,USD,2010,Q3,2010-08-11,2011-08-10,52923000.0,52923000.0,214182000.0,-91749000.0,122433000.0,-27156000.0,-23344000.0,,-3812000.0,95277000.0,-28222000.0,-28222000.0,67055000,,67055000,-23050000.0,44005000,,44005000,44005000,TDG,2010-06-30
378229,USD,2010,Q4,2010-11-19,2012-11-16,52923000.0,52923000.0,223117000.0,-90746000.0,132371000.0,-29091000.0,-25514000.0,,-3577000.0,103280000.0,-27083000.0,-27083000.0,76197000,,76197000,-25560000.0,50637000,,50637000,50637000,TDG,2010-09-30
378229,USD,2011,Q1,2011-02-08,2012-02-08,53333000.0,53333000.0,233552000.0,-106406000.0,127146000.0,-34797000.0,-30520000.0,,-4277000.0,92349000.0,-32556000.0,-32556000.0,59793000,-70730000.0,-10937000,3784000.0,-7153000,-205000.0,-7358000,-10169000,TDG,2010-12-31
378229,USD,2011,Q2,2011-05-11,2012-05-09,53333000.0,53333000.0,304307000.0,-146433000.0,157874000.0,-44633000.0,-33171000.0,,-11462000.0,113241000.0,-54137000.0,-54137000.0,59104000,-1649000.0,57455000,-20758000.0,36697000,19120000.0,55817000,55817000,TDG,2011-03-31
378229,USD,2011,Q3,2011-08-10,2012-08-08,53333000.0,53333000.0,325209000.0,-142060000.0,183149000.0,-43994000.0,-31549000.0,,-12445000.0,139155000.0,-49860000.0,-49860000.0,89295000,-38000.0,89257000,-30889000.0,58368000,-2088000.0,56280000,56280000,TDG,2011-06-30
378229,USD,2011,Q4,2011-11-18,2013-11-15,53333000.0,53333000.0,342953000.0,-149937000.0,193016000.0,-50626000.0,-38471000.0,,-12155000.0,142390000.0,-48703000.0,-48703000.0,93687000,-37000.0,93650000,-29337000.0,64313000,3082000.0,67395000,67395000,TDG,2011-09-30
378229,USD,2012,Q1,2012-02-08,2013-02-05,53882000.0,53882000.0,352473000.0,-152918000.0,199555000.0,-54289000.0,-41850000.0,,-12439000.0,145266000.0,-49061000.0,-49061000.0,96205000,,96205000,-31100000.0,65105000,,65105000,61806000,TDG,2011-12-31
378229,USD,2012,Q2,2012-05-09,2013-05-08,53882000.0,53882000.0,423469000.0,-187429000.0,236040000.0,-58813000.0,-49474000.0,,-9339000.0,177227000.0,-52300000.0,-52300000.0,124927000,,124927000,-43375000.0,81552000,,81552000,81552000,TDG,2012-03-31
378229,USD,2012,Q3,2012-08-08,2013-08-07,53882000.0,53882000.0,461660000.0,-208358000.0,253302000.0,-67438000.0,-56097000.0,,-11341000.0,185864000.0,-55393000.0,-55393000.0,130471000,,130471000,-40025000.0,90446000,,90446000,90446000,TDG,2012-06-30
378229,USD,2012,Q4,2012-11-16,2014-11-14,53882000.0,53882000.0,462606000.0,-205786000.0,256820000.0,-65402000.0,-54288000.0,,-11114000.0,191418000.0,-55152000.0,-55152000.0,136266000,,136266000,-48400000.0,87866000,,87866000,87866000,TDG,2012-09-30
378229,USD,2013,Q1,2013-03-07,2014-02-05,54453000.0,54453000.0,430418000.0,-191871000.0,238547000.0,-65701000.0,-55161000.0,,-10540000.0,172846000.0,-62876000.0,-62876000.0,109970000,,109970000,-35800000.0,74170000,,74170000,36040000,TDG,2012-12-31
378229,USD,2013,Q2,2013-05-08,2014-05-07,54453000.0,54453000.0,465609000.0,-206299000.0,259310000.0,-65198000.0,-55463000.0,,-9735000.0,194112000.0,-64094000.0,-64094000.0,130018000,-30281000.0,99737000,-31800000.0,67937000,,67937000,67937000,TDG,2013-03-31
378229,USD,2013,Q3,2013-08-07,2014-08-06,54506000.0,54506000.0,488636000.0,-219650000.0,268986000.0,-92262000.0,-82773000.0,,-9489000.0,176724000.0,-62469000.0,-62469000.0,114255000,,114255000,-37600000.0,76655000,,76655000,38679000,TDG,2013-06-30
378229,USD,2013,Q4,2013-11-15,2015-11-13,56908000.0,56908000.0,539737000.0,-257018000.0,282719000.0,-76946000.0,-61071000.0,,-15875000.0,205773000.0,-81246000.0,-81246000.0,124527000,0.0,124527000,-40500000.0,84027000,,84027000,-11110000,TDG,2013-09-30
378229,USD,2014,Q1,2014-02-05,2015-01-30,56991000.0,56991000.0,529322000.0,-245186000.0,284136000.0,-73510000.0,-57127000.0,,-16383000.0,210626000.0,-80853000.0,-80853000.0,129773000,,129773000,-43650000.0,86123000,,86123000,81984000,TDG,2013-12-31
378229,USD,2014,Q2,2014-05-07,2015-05-05,57068000.0,57068000.0,590761000.0,-283179000.0,307582000.0,-89088000.0,-71488000.0,,-17600000.0,218494000.0,-82289000.0,-82289000.0,136205000,,136205000,-45850000.0,90355000,,90355000,84869000,TDG,2014-03-31
378229,USD,2014,Q3,2014-08-06,2015-08-05,57170000.0,57170000.0,610582000.0,-283054000.0,327528000.0,-87548000.0,-71146000.0,,-16402000.0,239980000.0,-87613000.0,-87613000.0,152367000,-131490000.0,20877000,-4700000.0,16177000,,16177000,-94726000,TDG,2014-06-30
378229,USD,2014,Q4,2014-11-14,2016-11-15,56743000.0,56743000.0,642241000.0,-293613000.0,348628000.0,-89908000.0,-76685000.0,,-13223000.0,258720000.0,-96933000.0,-96933000.0,161787000,-132000.0,161655000,-47400000.0,114255000,,114255000,108157000,TDG,2014-09-30
378229,USD,2015,Q1,2015-01-30,2016-02-10,56591000.0,56591000.0,586898000.0,-265725000.0,321173000.0,-80505000.0,-67479000.0,,-13026000.0,240668000.0,-98935000.0,-98935000.0,141733000,,141733000,-46200000.0,95533000,,95533000,92168000,TDG,2014-12-31
378229,USD,2015,Q2,2015-05-05,2016-05-11,56604000.0,56604000.0,619030000.0,-277413000.0,341617000.0,-85056000.0,-74026000.0,,-11030000.0,256561000.0,-99892000.0,-99892000.0,156669000,,156669000,-45775000.0,110894000,,110894000,110894000,TDG,2015-03-31
378229,USD,2015,Q3,2015-08-05,2016-08-10,56608000.0,56608000.0,691395000.0,-331940000.0,359455000.0,-95759000.0,-81849000.0,,-13910000.0,263696000.0,-106796000.0,-106796000.0,156900000,-18159000.0,138741000,-39629000.0,99112000,,99112000,99112000,TDG,2015-06-30
378229,USD,2015,Q4,2015-11-13,2017-11-13,56621000.0,56621000.0,809792000.0,-382192000.0,427600000.0,-114523000.0,-98270000.0,,-16253000.0,313077000.0,-113162000.0,-113162000.0,199915000,-234000.0,199681000,-58008000.0,141673000,0.0,141673000,141673000,TDG,2015-09-30
378229,USD,2016,Q1,2016-02-10,2017-02-08,56805000.0,56805000.0,701695000.0,-327128000.0,374567000.0,-98526000.0,-82203000.0,,-16323000.0,276041000.0,-111983000.0,-111983000.0,164058000,0.0,164058000,-34617000.0,129441000,,129441000,126441000,TDG,2015-12-31
378229,USD,2016,Q2,2016-05-11,2017-05-10,56134000.0,56134000.0,796801000.0,-371140000.0,425661000.0,-113586000.0,-95064000.0,,-18522000.0,312075000.0,-111288000.0,-111288000.0,200787000,0.0,200787000,-59104000.0,141683000,,141683000,141683000,TDG,2016-03-31
378229,USD,2016,Q3,2016-08-10,2017-08-08,55832000.0,55832000.0,797692000.0,-354177000.0,443515000.0,-112873000.0,-94244000.0,,-18629000.0,330642000.0,-120812000.0,-120812000.0,209830000,-15654000.0,194176000,-33554000.0,160622000,,160622000,160622000,TDG,2016-06-30
378229,USD,2016,Q4,2016-11-18,2017-11-13,55857000.0,55857000.0,875223000.0,-390903000.0,484320000.0,-135318000.0,-111347000.0,,-23971000.0,349002000.0,-139767000.0,-139767000.0,209235000,-140000.0,209095000,-54427000.0,154668000,0.0,154668000,154668000,TDG,2016-09-30
378229,USD,2017,Q1,2017-02-08,2017-02-08,56524000.0,56524000.0,814018000.0,-369763000.0,444255000.0,-127246000.0,-101715000.0,,-25531000.0,317009000.0,-146004000.0,-146004000.0,171005000,-32084000.0,138921000,-20050000.0,118871000,,118871000,22900000,TDG,2016-12-31
378229,USD,2017,Q2,2017-05-10,2017-05-10,55894000.0,55894000.0,873232000.0,-382144000.0,491088000.0,-124726000.0,-102592000.0,,-22134000.0,366362000.0,-147842000.0,-147842000.0,218520000,-3507000.0,215013000,-59508000.0,155505000,,155505000,155505000,TDG,2017-03-31
378229,USD,2017,Q3,2017-08-08,2017-08-08,54890000.0,54890000.0,907667000.0,-385896000.0,521771000.0,-134131000.0,-110561000.0,,-23570000.0,387640000.0,-152227000.0,-152227000.0,235413000,-345000.0,235068000,-66015000.0,169053000,,169053000,169053000,TDG,2017-06-30
378229,USD,2017,Q4,2017-11-13,2017-11-13,54812000.0,54812000.0,909369000.0,-381856000.0,527513000.0,-118698000.0,-100707000.0,,-17991000.0,408815000.0,-156516000.0,-156516000.0,252299000,-3871000.0,248428000,-63316000.0,185112000,-31654000.0,153458000,90172000,TDG,2017-09-30
378229,USD,2018,Q1,2018-02-07,2018-02-07,55600000.0,55600000.0,847960000.0,-371310000.0,476650000.0,-123640000.0,-106528000.0,,-17112000.0,353010000.0,-160933000.0,-160933000.0,192077000,-1113000.0,190964000,121047000.0,312011000,2764000.0,314775000,258627000,TDG,2017-12-31
378229,USD,2018,Q2,2018-05-04,2018-05-04,55605000.0,55605000.0,933070000.0,-398996000.0,534074000.0,-124983000.0,-107526000.0,,-17457000.0,409091000.0,-161266000.0,-161266000.0,247825000,-638000.0,247187000,-45347000.0,201840000,-5562000.0,196278000,196278000,TDG,2018-03-31
378229,USD,2018,Q3,2018-08-08,2018-08-08,55597000.0,55597000.0,980662000.0,-411142000.0,569520000.0,-132243000.0,-113019000.0,,-19224000.0,437277000.0,-167577000.0,-167577000.0,269700000,-4159000.0,265541000,-48150000.0,217391000,-145000.0,217246000,217246000,TDG,2018-06-30
378229,USD,2018,Q4,2018-11-09,2018-11-09,55586000.0,55586000.0,1049434000.0,-452168000.0,597266000.0,-141683000.0,-123022000.0,,-18661000.0,455583000.0,-173232000.0,-173232000.0,282351000,-486000.0,281865000,-51571000.0,230294000,-1531000.0,228763000,228763000,TDG,2018-09-30
378229,USD,2019,Q1,2019-02-06,2019-02-06,56266000.0,56266000.0,993302000.0,-429185000.0,564117000.0,-142217000.0,-122183000.0,,-20034000.0,421900000.0,-172000000.0,-172000000.0,249900000,-136000.0,249764000,-53722000.0,196042000,0.0,196042000,171733000,TDG,2018-12-31
378229,USD,2019,Q2,2019-05-08,2019-05-08,56265000.0,56265000.0,1195938000.0,-536618000.0,659320000.0,-187429000.0,-164366000.0,,-23063000.0,471891000.0,-201409000.0,-201409000.0,270482000,-3298000.0,267184000,-64552000.0,202632000,0.0,202408000,202408000,TDG,2019-03-31
378229,USD,2019,Q3,2019-08-07,2019-08-07,56265000.0,56265000.0,1658319000.0,-896845000.0,761474000.0,-316446000.0,-274557000.0,,-41889000.0,445028000.0,-239403000.0,-241292000.0,205625000,-106000.0,205519000,-60909000.0,144610000,0.0,144450000,144450000,TDG,2019-06-30
378229,USD,2019,Q4,2019-11-19,2019-11-19,56264000.0,56264000.0,1375644000.0,-551284000.0,824360000.0,-236633000.0,-186667000.0,,-49966000.0,587727000.0,-247856000.0,-245052000.0,339871000,527000.0,340398000,-42803000.0,297595000,50432000.0,346870000,260158000,TDG,2019-09-30
378229,USD,2020,Q1,2020-02-04,2021-02-09,57400000.0,57400000.0,1465000000.0,-664000000.0,801000000.0,-241000000.0,-201000000.0,,-40000000.0,560000000.0,-245000000.0,-248000000.0,315000000,-22000000.0,293000000,-59000000.0,234000000,71000000.0,304000000,119000000,TDG,2019-12-31
378229,USD,2020,Q2,2020-05-05,2021-05-11,57400000.0,57400000.0,1443000000.0,-625000000.0,818000000.0,-226000000.0,-180000000.0,,-46000000.0,592000000.0,-252000000.0,-252000000.0,340000000,-3000000.0,337000000,-14000000.0,323000000,-4000000.0,319000000,319000000,TDG,2020-03-31
