SimFinId,Currency,Fiscal Year,Fiscal Period,Publish Date,Restated Date,Shares (Basic),Shares (Diluted),Revenue,Cost of Revenue,Gross Profit,Operating Expenses,"Selling, General & Administrative",Research & Development,Depreciation & Amortization,Operating Income (Loss),Non-Operating Income (Loss),"Interest Expense, Net","Pretax Income (Loss), Adj.",Abnormal Gains (Losses),Pretax Income (Loss),"Income Tax (Expense) Benefit, Net",Income (Loss) from Continuing Operations,Net Extraordinary Gains (Losses),Net Income,Net Income (Common),Ticker,Report_Date
998436,USD,2014,Q1,2014-05-02,2015-05-13,3201000.0,3443000.0,19152000.0,-12275000.0,6877000.0,-6252000.0,-6252000.0,,,625000.0,-102000.0,-83000.0,523000,,523000,-155000.0,368000,,368000,368000,ACU,2014-03-31
998436,USD,2014,Q2,2014-08-14,2015-08-14,3210000.0,3539000.0,33396000.0,-21675000.0,11721000.0,-7983000.0,-7983000.0,,,3738000.0,-103000.0,-106000.0,3635000,,3635000,-1093000.0,2542000,,2542000,2542000,ACU,2014-06-30
998436,USD,2014,Q3,2014-11-14,2015-11-12,3250000.0,3546000.0,30008000.0,-19393000.0,10615000.0,-8685000.0,-8685000.0,,,1930000.0,-220000.0,-153000.0,1710000,,1710000,-521000.0,1189000,,1189000,1189000,ACU,2014-09-30
998436,USD,2014,Q4,2015-02-12,2016-03-11,3298012.0,3574016.0,24666306.0,-15693695.0,8972611.0,-7871150.0,-7871150.0,,,1101461.0,-166736.0,-131486.0,934725,,934725,-244720.0,690005,,690005,690005,ACU,2014-12-31
998436,USD,2015,Q1,2015-05-13,2016-05-13,3300000.0,3704000.0,22837000.0,-14402000.0,8435000.0,-7608000.0,-7608000.0,,,827000.0,-206000.0,-130000.0,621000,,621000,-185000.0,436000,,436000,436000,ACU,2015-03-31
998436,USD,2015,Q2,2015-08-14,2016-08-15,3300000.0,3681000.0,33954000.0,-21419000.0,12535000.0,-8660000.0,-8660000.0,,,3875000.0,-121000.0,-141000.0,3754000,,3754000,-1044000.0,2710000,,2710000,2710000,ACU,2015-06-30
998436,USD,2015,Q3,2015-11-12,2016-11-04,3354000.0,3699000.0,29903000.0,-19578000.0,10325000.0,-8334000.0,-8334000.0,,,1991000.0,-241000.0,-149000.0,1750000,,1750000,-542000.0,1208000,,1208000,1208000,ACU,2015-09-30
998436,USD,2015,Q4,2016-03-11,2017-03-10,3385160.0,3665344.0,23117768.0,-14851550.0,8266218.0,-7612212.0,-7612212.0,,,654006.0,-164609.0,-145212.0,489397,,489397,-49872.0,439525,,439525,439525,ACU,2015-12-31
998436,USD,2016,Q1,2016-05-13,2017-05-12,3336000.0,3572000.0,25288000.0,-16103000.0,9185000.0,-8230000.0,-8230000.0,,,955000.0,-146000.0,-184000.0,809000,,809000,-244000.0,565000,,565000,565000,ACU,2016-03-31
998436,USD,2016,Q2,2016-08-15,2017-08-04,3323000.0,3583000.0,40997000.0,-26303000.0,14694000.0,-10054000.0,-10054000.0,,,4640000.0,-222000.0,-211000.0,4418000,,4418000,-1151000.0,3267000,,3267000,3267000,ACU,2016-06-30
998436,USD,2016,Q3,2016-11-04,2017-11-09,3324000.0,3641000.0,31913000.0,-20050000.0,11863000.0,-9723000.0,-9723000.0,,,2140000.0,-312000.0,-247000.0,1828000,,1828000,-355000.0,1473000,,1473000,1473000,ACU,2016-09-30
998436,USD,2016,Q4,2017-03-10,2018-03-15,3328468.0,3515292.0,26376371.0,-16563315.0,9813056.0,-9106000.0,-9106000.0,,,707056.0,-265353.0,-226507.0,441703,,441703,104295.0,545998,,545998,545998,ACU,2016-12-31
998436,USD,2017,Q1,2017-05-12,2018-05-10,3329000.0,3730000.0,27745000.0,-17181000.0,10564000.0,-9350000.0,-9350000.0,,,1214000.0,-276000.0,-263000.0,938000,,938000,-279000.0,659000,,659000,659000,ACU,2017-03-31
998436,USD,2017,Q2,2017-08-04,2018-08-09,3353000.0,3780000.0,38849000.0,-24366000.0,14483000.0,-10572000.0,-10572000.0,,,3911000.0,-292000.0,-321000.0,3619000,,3619000,-773000.0,2846000,,2846000,2846000,ACU,2017-06-30
998436,USD,2017,Q3,2017-11-09,2018-11-09,3373000.0,3794000.0,33785000.0,-21559000.0,12226000.0,-10256000.0,-10256000.0,,,1970000.0,-402000.0,-365000.0,1568000,,1568000,-366000.0,1202000,,1202000,1202000,ACU,2017-09-30
998436,USD,2017,Q4,2018-02-09,2019-03-15,3370532.0,3594412.0,30171349.0,-19545076.0,10626273.0,-9838220.0,-9838220.0,,,788053.0,-419756.0,-378160.0,368297,,368297,-1022818.0,-654521,,-654521,-654521,ACU,2017-12-31
998436,USD,2018,Q1,2018-05-10,2019-05-09,3374000.0,3662000.0,31709000.0,-19585000.0,12124000.0,-10759000.0,-10759000.0,,,1365000.0,-392000.0,-405000.0,973000,,973000,-209000.0,764000,,764000,764000,ACU,2018-03-31
998436,USD,2018,Q2,2018-08-09,2019-08-07,3374000.0,3624000.0,39751000.0,-25039000.0,14712000.0,-11087000.0,-11087000.0,,,3625000.0,-519000.0,-445000.0,3106000,,3106000,-670000.0,2436000,,2436000,2436000,ACU,2018-06-30
998436,USD,2018,Q3,2018-11-09,2019-11-07,3374000.0,3551000.0,34731000.0,-22281000.0,12450000.0,-11077000.0,-11077000.0,,,1373000.0,-519000.0,-496000.0,854000,,854000,-47000.0,807000,,807000,807000,ACU,2018-09-30
998436,USD,2018,Q4,2019-03-15,2020-03-13,3360976.0,3330640.0,31130395.0,-19767413.0,11362982.0,-10269076.0,-10269076.0,,,1093906.0,-495682.0,-512224.0,598224,,598224,-6874.0,591350,,591350,591350,ACU,2018-12-31
998436,USD,2019,Q1,2019-05-09,2020-05-08,3351000.0,3392000.0,31370000.0,-19568000.0,11802000.0,-10268000.0,-10268000.0,,,1534000.0,-499000.0,-501000.0,1035000,,1035000,-228000.0,807000,,807000,807000,ACU,2019-03-31
998436,USD,2019,Q2,2019-08-07,2019-08-07,3351000.0,3485000.0,40220000.0,-25449000.0,14771000.0,-11003000.0,-11003000.0,,,3768000.0,-505000.0,-491000.0,3263000,,3263000,-592000.0,2671000,,2671000,2671000,ACU,2019-06-30
998436,USD,2019,Q3,2019-11-07,2020-11-06,3352000.0,3486000.0,36995000.0,-23861000.0,13134000.0,-11408000.0,-11408000.0,,,1726000.0,-509000.0,-469000.0,1217000,,1217000,-158000.0,1059000,,1059000,1059000,ACU,2019-09-30
998436,USD,2019,Q4,2020-03-13,2021-03-31,3352924.0,3447492.0,33872342.0,-21578484.0,12293858.0,-10892510.0,-10892510.0,,,1401348.0,-373184.0,-327512.0,1028164,,1028164,-51556.0,976608,,976608,976608,ACU,2019-12-31
998436,USD,2020,Q1,2020-05-08,2021-05-07,3349000.0,3519000.0,35775000.0,-22244000.0,13531000.0,-11521000.0,-11521000.0,,,2010000.0,-358000.0,-315000.0,1652000,,1652000,-375000.0,1277000,,1277000,1277000,ACU,2020-03-31
