SimFinId,Currency,Fiscal Year,Fiscal Period,Publish Date,Restated Date,Shares (Basic),Shares (Diluted),Revenue,Cost of Revenue,Gross Profit,Operating Expenses,"Selling, General & Administrative",Research & Development,Depreciation & Amortization,Operating Income (Loss),Non-Operating Income (Loss),"Interest Expense, Net","Pretax Income (Loss), Adj.",Abnormal Gains (Losses),Pretax Income (Loss),"Income Tax (Expense) Benefit, Net",Income (Loss) from Continuing Operations,Net Extraordinary Gains (Losses),Net Income,Net Income (Common),Ticker,Report_Date
101027,USD,2011,Q2,2011-08-09,2012-08-07,23227000.0,23838000.0,146524000.0,-99920000.0,46604000.0,-28301000.0,-17571000.0,-11250000.0,,18303000.0,-5222000.0,-4403000.0,13081000,-317000.0,12764000,-4214000.0,8550000,,8550000,8550000,ITGR,2011-06-30
101027,USD,2011,Q3,2011-11-08,2012-11-06,23297000.0,23611000.0,131718000.0,-89811000.0,41907000.0,-29019000.0,-17760000.0,-11072000.0,,12888000.0,-3649000.0,-4124000.0,9239000,0.0,9239000,-2250000.0,6989000,,6989000,6989000,ITGR,2011-09-30
101027,USD,2011,Q4,2012-02-28,2014-03-04,23308000.0,23508000.0,141746000.0,-97074000.0,44672000.0,-32130000.0,-18568000.0,-12803000.0,,12542000.0,-3980000.0,-4114000.0,8562000,0.0,8562000,-2923000.0,5639000,,5639000,5639000,ITGR,2011-12-31
101027,USD,2012,Q1,2012-05-08,2013-05-07,23420000.0,23848000.0,159103000.0,-112215000.0,46888000.0,-35690000.0,-19034000.0,-13911000.0,,11198000.0,-5079000.0,-4359000.0,6119000,,6119000,-1652000.0,4467000,,4467000,4467000,ITGR,2012-03-31
101027,USD,2012,Q2,2012-08-07,2013-08-06,23611000.0,23876000.0,166548000.0,-114615000.0,51933000.0,-40842000.0,-20745000.0,-14174000.0,,11091000.0,-4221000.0,-4415000.0,6870000,,6870000,-3019000.0,3851000,,3851000,3851000,ITGR,2012-06-30
101027,USD,2012,Q3,2012-11-06,2013-11-05,23646000.0,23646000.0,161340000.0,-110386000.0,50954000.0,-48827000.0,-20274000.0,-13240000.0,,2127000.0,-4299000.0,-4401000.0,-2172000,,-2172000,-5389000.0,-7561000,,-7561000,-7561000,ITGR,2012-09-30
101027,USD,2012,Q4,2013-02-27,2015-03-03,23659000.0,22966000.0,159186000.0,-107312000.0,51874000.0,-50469000.0,-20939000.0,-11165000.0,,1405000.0,-5386000.0,-4879000.0,-3981000,-106000.0,-4087000,-1469000.0,-5556000,,-5556000,-5556000,ITGR,2012-12-31
101027,USD,2013,Q1,2013-05-07,2014-05-13,23750000.0,24415000.0,148265000.0,-99516000.0,48749000.0,-34410000.0,-20092000.0,-11080000.0,,14339000.0,-7273000.0,-6988000.0,7066000,,7066000,-1403000.0,5663000,,5663000,5663000,ITGR,2013-03-31
101027,USD,2013,Q2,2013-08-06,2014-08-12,23914000.0,24922000.0,171331000.0,-114029000.0,57302000.0,-40167000.0,-22248000.0,-14097000.0,,17135000.0,-2124000.0,-1445000.0,15011000,,15011000,-5259000.0,9752000,,9752000,9752000,ITGR,2013-06-30
101027,USD,2013,Q3,2013-11-05,2014-11-12,24047000.0,25188000.0,167730000.0,-111853000.0,55877000.0,-38875000.0,-21569000.0,-13806000.0,,17002000.0,-1458000.0,-1515000.0,15544000,,15544000,-4473000.0,11071000,,11071000,11071000,ITGR,2013-09-30
101027,USD,2013,Q4,2014-03-04,2016-03-01,24253000.0,26767000.0,176619000.0,-119234000.0,57385000.0,-44522000.0,-24198000.0,-15094000.0,,12863000.0,-952000.0,-1313000.0,11911000,-694000.0,11217000,-1436000.0,9781000,,9781000,9781000,ITGR,2013-12-31
101027,USD,2014,Q1,2014-05-13,2015-05-12,24614000.0,25694000.0,174281000.0,-116685000.0,57596000.0,-35072000.0,-21755000.0,-13531000.0,,22524000.0,-463000.0,-1084000.0,22061000,,22061000,-7139000.0,14922000,,14922000,14922000,ITGR,2014-03-31
101027,USD,2014,Q2,2014-08-12,2015-08-11,24838000.0,25901000.0,172081000.0,-113611000.0,58470000.0,-38931000.0,-21877000.0,-12793000.0,,19539000.0,-1407000.0,-1073000.0,18132000,,18132000,-5784000.0,12348000,,12348000,12348000,ITGR,2014-06-30
101027,USD,2014,Q3,2014-11-12,2015-11-10,24899000.0,25923000.0,171699000.0,-113581000.0,58118000.0,-41935000.0,-22121000.0,-13638000.0,,16183000.0,2717000.0,-1051000.0,18900000,,18900000,-4888000.0,14012000,,14012000,14012000,ITGR,2014-09-30
101027,USD,2014,Q4,2015-03-03,2017-02-28,24949000.0,26382000.0,169726000.0,-112512000.0,57214000.0,-39806000.0,-24849000.0,-9883000.0,,17408000.0,-4292000.0,-1044000.0,13116000,4370000.0,17486000,-3310000.0,14176000,,14176000,14176000,ITGR,2014-12-31
101027,USD,2015,Q1,2015-05-12,2016-05-10,25264000.0,26219000.0,161320000.0,-108922000.0,52398000.0,-43009000.0,-22609000.0,-12545000.0,,9389000.0,431000.0,-1120000.0,9820000,,9820000,-1812000.0,8008000,,8008000,8008000,ITGR,2015-03-31
101027,USD,2015,Q2,2015-08-11,2016-08-09,25473000.0,26313000.0,174890000.0,-116939000.0,57951000.0,-44917000.0,-24104000.0,-13063000.0,,13034000.0,-1099000.0,-1206000.0,11935000,,11935000,-2652000.0,9283000,,9283000,9283000,ITGR,2015-06-30
101027,USD,2015,Q3,2015-11-10,2016-11-08,25536000.0,26441000.0,146637000.0,-94991000.0,51646000.0,-50451000.0,-22308000.0,-14299000.0,,1195000.0,-1189000.0,-5825000.0,6000,,6000,16000.0,22000,,22000,22000,ITGR,2015-09-30
101027,USD,2015,Q4,2016-03-01,2018-02-22,29179000.0,26479000.0,317567000.0,-244427000.0,73140000.0,-83612000.0,-33509000.0,-13088000.0,,-10472000.0,-30339000.0,-25362000.0,-40811000,3350000.0,-37461000,12554000.0,-24907000,,-24907000,-24907000,ITGR,2015-12-31
101027,USD,2016,Q1,2016-05-10,2017-05-09,30718000.0,30718000.0,332238000.0,-240770000.0,91468000.0,-80334000.0,-41888000.0,-17306000.0,,11134000.0,-23896000.0,-27617000.0,-12762000,,-12762000,102000.0,-12660000,,-12660000,-12660000,ITGR,2016-03-31
101027,USD,2016,Q2,2016-08-09,2017-08-02,30767000.0,30767000.0,348382000.0,-252351000.0,96031000.0,-66762000.0,-37628000.0,-13640000.0,,29269000.0,-28582000.0,-27908000.0,687000,,687000,-1457000.0,-770000,,-770000,-770000,ITGR,2016-06-30
101027,USD,2016,Q3,2016-11-08,2017-10-30,30782000.0,31153000.0,346567000.0,-248658000.0,97909000.0,-61047000.0,-36265000.0,-11412000.0,,36862000.0,-28145000.0,-27870000.0,8717000,,8717000,2741000.0,11458000,,11458000,11458000,ITGR,2016-09-30
101027,USD,2016,Q4,2017-02-28,2019-02-22,30845000.0,31254000.0,48315000.0,3956000.0,52271000.0,-36613000.0,-20663000.0,-5541000.0,,15658000.0,16698000.0,15064000.0,32356000,-833000.0,31523000,-4673000.0,26850000,-18917000.0,7933000,7933000,ITGR,2016-12-31
101027,USD,2017,Q1,2017-05-09,2018-05-04,31016000.0,31016000.0,345413000.0,-254187000.0,91226000.0,-64681000.0,-39499000.0,-13411000.0,,26545000.0,-30342000.0,-28893000.0,-3797000,-398000.0,-4195000,-144000.0,-4339000,,-4339000,-4339000,ITGR,2017-03-31
101027,USD,2017,Q2,2017-08-02,2018-08-03,31302000.0,31982000.0,280916000.0,-191741000.0,89175000.0,-53113000.0,-35146000.0,-11240000.0,,36062000.0,-21821000.0,-15058000.0,14241000,-4427000.0,9814000,-255000.0,9559000,-6569000.0,2990000,2990000,ITGR,2017-06-30
101027,USD,2017,Q3,2017-10-30,2018-11-02,31594000.0,32173000.0,286168000.0,-196982000.0,89186000.0,-53360000.0,-35064000.0,-12227000.0,,35826000.0,-18298000.0,-15808000.0,17528000,1906000.0,19434000,448000.0,19882000,-6192000.0,13690000,13690000,ITGR,2017-09-30
101027,USD,2017,Q4,2018-02-22,2019-02-22,31696000.0,32381000.0,223583000.0,-139160000.0,84423000.0,-57207000.0,-33364000.0,-11972000.0,,27216000.0,-4364000.0,-4213000.0,22852000,1354000.0,24206000,37779000.0,61985000,-7647000.0,54338000,54338000,ITGR,2017-12-31
101027,USD,2018,Q1,2018-05-04,2019-05-03,31902000.0,32423000.0,292426000.0,-208894000.0,83532000.0,-53489000.0,-36429000.0,-13276000.0,,30043000.0,-16555000.0,-15595000.0,13488000,4970000.0,18458000,-5374000.0,13084000,-4966000.0,8118000,8118000,ITGR,2018-03-31
101027,USD,2018,Q2,2018-08-03,2018-08-03,32038000.0,32720000.0,314464000.0,-215699000.0,98765000.0,-54407000.0,-36780000.0,-12935000.0,,44358000.0,-12847000.0,-15234000.0,31511000,284000.0,31795000,-8739000.0,23056000,-3034000.0,20022000,20022000,ITGR,2018-06-30
101027,USD,2018,Q3,2018-11-02,2018-11-02,32211000.0,32211000.0,305088000.0,-213165000.0,91923000.0,-50464000.0,-34091000.0,-12234000.0,,41459000.0,-56210000.0,-54526000.0,-14751000,291000.0,-14460000,6157000.0,-8303000,122382000.0,114079000,114079000,ITGR,2018-09-30
101027,USD,2018,Q4,2019-02-22,2021-02-18,32393000.0,33030000.0,303034000.0,-214589000.0,88445000.0,-48750000.0,-35141000.0,-10159000.0,,39695000.0,-14450000.0,-13955000.0,25245000,78000.0,25323000,-6127000.0,19196000,6549000.0,25745000,25745000,ITGR,2018-12-31
101027,USD,2019,Q1,2019-05-03,2019-05-03,32536000.0,32980000.0,314676000.0,-226066000.0,88610000.0,-49441000.0,-34956000.0,-11595000.0,,39169000.0,-13996000.0,-13830000.0,25173000,-41000.0,25132000,-3766000.0,21366000,303000.0,21669000,21669000,ITGR,2019-03-31
101027,USD,2019,Q2,2019-08-01,2019-08-01,32621000.0,33009000.0,314194000.0,-217210000.0,96984000.0,-47647000.0,-33143000.0,-11396000.0,,49337000.0,-12894000.0,-13612000.0,36443000,-1611000.0,34832000,-6610000.0,28222000,4835000.0,33057000,33057000,ITGR,2019-06-30
101027,USD,2019,Q3,2019-10-31,2019-10-31,32660000.0,33068000.0,303587000.0,-210201000.0,93386000.0,-46905000.0,-32935000.0,-11729000.0,,46481000.0,-11968000.0,-12337000.0,34513000,986000.0,35499000,-4913000.0,30586000,0.0,30586000,30586000,ITGR,2019-09-30
101027,USD,2019,Q4,2020-02-20,2020-02-20,32691000.0,33091000.0,325637000.0,-249607000.0,76030000.0,-53382000.0,-37661000.0,-11809000.0,,22648000.0,-13109000.0,-12766000.0,9539000,191000.0,9730000,1314000.0,11044000,-20000.0,11024000,11024000,ITGR,2019-12-31
101027,USD,2020,Q1,2020-05-08,2021-04-29,32807000.0,33117000.0,328426000.0,-231724000.0,96702000.0,-52626000.0,-36457000.0,-13241000.0,,44076000.0,-9362000.0,-10361000.0,34714000,1925000.0,36639000,-5539000.0,31100000,,31100000,31100000,ITGR,2020-03-31
