SimFinId,Currency,Fiscal Year,Fiscal Period,Publish Date,Restated Date,Shares (Basic),Shares (Diluted),Revenue,Cost of Revenue,Gross Profit,Operating Expenses,"Selling, General & Administrative",Research & Development,Depreciation & Amortization,Operating Income (Loss),Non-Operating Income (Loss),"Interest Expense, Net","Pretax Income (Loss), Adj.",Abnormal Gains (Losses),Pretax Income (Loss),"Income Tax (Expense) Benefit, Net",Income (Loss) from Continuing Operations,Net Extraordinary Gains (Losses),Net Income,Net Income (Common),Ticker,Report_Date
378214,USD,2010,Q4,2011-03-31,2013-02-26,239409000.0,241857000.0,2345000000.0,-946000000.0,1399000000.0,-1024000000.0,,,-223000000.0,375000000.0,193000000.0,-110000000.0,568000000,-256000000.0,312000000,-48000000.0,271000000,,253000000,250000000,SRE,2010-12-31
378214,USD,2011,Q1,2011-05-09,2012-05-04,240100000.0,241900000.0,2434000000.0,-1066000000.0,1368000000.0,-964000000.0,,,-230000000.0,404000000.0,-61000000.0,-105000000.0,343000000,,343000000,-114000000.0,260000000,,256000000,254000000,SRE,2011-03-31
378214,USD,2011,Q2,2011-08-09,2012-08-02,239400000.0,240800000.0,2422000000.0,-1044000000.0,1378000000.0,-1001000000.0,,,-248000000.0,377000000.0,-78000000.0,-106000000.0,299000000,287000000.0,586000000,-100000000.0,494000000,,506000000,503000000,SRE,2011-06-30
378214,USD,2011,Q3,2011-11-03,2012-11-06,239500000.0,241900000.0,2576000000.0,-1050000000.0,1526000000.0,-1026000000.0,,,-251000000.0,500000000.0,-122000000.0,-112000000.0,378000000,10000000.0,388000000,-75000000.0,319000000,,290000000,289000000,SRE,2011-09-30
378214,USD,2011,Q4,2012-03-28,2014-02-27,239880000.0,241492000.0,2604000000.0,-986000000.0,1618000000.0,-1153000000.0,,,-247000000.0,465000000.0,-39000000.0,-116000000.0,426000000,-20000000.0,406000000,-105000000.0,308000000,,287000000,285000000,SRE,2011-12-31
378214,USD,2012,Q1,2012-05-04,2013-05-02,240600000.0,243800000.0,2383000000.0,-981000000.0,1402000000.0,-1024000000.0,,,-257000000.0,378000000.0,-21000000.0,-108000000.0,357000000,,357000000,-117000000.0,251000000,,238000000,236000000,SRE,2012-03-31
378214,USD,2012,Q2,2012-08-02,2013-08-06,241100000.0,246300000.0,2089000000.0,-692000000.0,1397000000.0,-1072000000.0,,,-266000000.0,325000000.0,-384000000.0,-109000000.0,-59000000,7000000.0,-52000000,118000000.0,74000000,,63000000,62000000,SRE,2012-06-30
378214,USD,2012,Q3,2012-11-06,2013-11-05,241700000.0,245800000.0,2507000000.0,-906000000.0,1601000000.0,-1101000000.0,,,-280000000.0,500000000.0,-171000000.0,-121000000.0,329000000,0.0,329000000,-49000000.0,290000000,,270000000,268000000,SRE,2012-09-30
378214,USD,2012,Q4,2013-02-26,2015-02-26,241988000.0,250872000.0,2668000000.0,-1111000000.0,1557000000.0,-1208000000.0,,,-287000000.0,349000000.0,-40000000.0,-131000000.0,309000000,0.0,309000000,-11000000.0,305000000,,294000000,293000000,SRE,2012-12-31
378214,USD,2013,Q1,2013-05-02,2014-05-02,243300000.0,247500000.0,2650000000.0,-1162000000.0,1488000000.0,-1125000000.0,,,-295000000.0,363000000.0,-85000000.0,-132000000.0,278000000,74000000.0,352000000,-178000000.0,178000000,,180000000,178000000,SRE,2013-03-31
378214,USD,2013,Q2,2013-08-06,2014-08-07,243600000.0,248500000.0,2651000000.0,-985000000.0,1666000000.0,-1068000000.0,,,-247000000.0,598000000.0,-100000000.0,-134000000.0,498000000,-200000000.0,298000000,-32000000.0,267000000,,246000000,245000000,SRE,2013-06-30
378214,USD,2013,Q3,2013-11-05,2014-11-04,244100000.0,249300000.0,2551000000.0,-965000000.0,1586000000.0,-1080000000.0,,,-286000000.0,506000000.0,-113000000.0,-132000000.0,393000000,39000000.0,432000000,-117000000.0,323000000,,301000000,296000000,SRE,2013-09-30
378214,USD,2013,Q4,2014-02-27,2016-02-26,244452000.0,252028000.0,2705000000.0,-1079000000.0,1626000000.0,-1209000000.0,,,-285000000.0,417000000.0,-70000000.0,-141000000.0,347000000,1000000.0,348000000,-39000000.0,320000000,,282000000,282000000,SRE,2013-12-31
378214,USD,2014,Q1,2014-05-02,2015-05-05,245300000.0,249700000.0,2795000000.0,-1306000000.0,1489000000.0,-1067000000.0,,,-286000000.0,422000000.0,-75000000.0,-132000000.0,347000000,40000000.0,387000000,-127000000.0,266000000,,247000000,247000000,SRE,2014-03-31
378214,USD,2014,Q2,2014-08-07,2015-08-04,245700000.0,250100000.0,2678000000.0,-1134000000.0,1544000000.0,-1109000000.0,,,-288000000.0,435000000.0,-61000000.0,-133000000.0,374000000,2000000.0,376000000,-93000000.0,292000000,,270000000,269000000,SRE,2014-06-30
378214,USD,2014,Q3,2014-11-04,2015-11-03,246100000.0,250800000.0,2815000000.0,-1178000000.0,1637000000.0,-1122000000.0,,,-292000000.0,515000000.0,-87000000.0,-138000000.0,428000000,19000000.0,447000000,-71000000.0,383000000,,348000000,348000000,SRE,2014-09-30
378214,USD,2014,Q4,2015-02-26,2017-02-28,246464000.0,252020000.0,2747000000.0,-1136000000.0,1611000000.0,-1201000000.0,,,-290000000.0,410000000.0,-91000000.0,-129000000.0,319000000,-5000000.0,314000000,-9000000.0,321000000,,297000000,297000000,SRE,2014-12-31
378214,USD,2015,Q1,2015-05-05,2016-05-04,247700000.0,251200000.0,2682000000.0,-960000000.0,1722000000.0,-1068000000.0,,,-303000000.0,654000000.0,-69000000.0,-127000000.0,585000000,21000000.0,606000000,-163000000.0,458000000,,437000000,437000000,SRE,2015-03-31
378214,USD,2015,Q2,2015-08-04,2016-08-04,248100000.0,251500000.0,2367000000.0,-852000000.0,1515000000.0,-1116000000.0,,,-307000000.0,399000000.0,-65000000.0,-129000000.0,334000000,62000000.0,396000000,-98000000.0,320000000,,296000000,295000000,SRE,2015-06-30
378214,USD,2015,Q3,2015-11-03,2016-11-02,248400000.0,251000000.0,2481000000.0,-992000000.0,1489000000.0,-1127000000.0,,,-315000000.0,362000000.0,-92000000.0,-137000000.0,270000000,0.0,270000000,-15000000.0,282000000,,248000000,248000000,SRE,2015-09-30
378214,USD,2015,Q4,2016-02-26,2018-02-27,248796000.0,249992000.0,2701000000.0,-949000000.0,1752000000.0,-1248000000.0,,,-325000000.0,504000000.0,-76000000.0,-139000000.0,428000000,4000000.0,432000000,-65000000.0,388000000,,369000000,369000000,SRE,2015-12-31
378214,USD,2016,Q1,2016-05-04,2017-05-09,249734000.0,249734000.0,2622000000.0,-917000000.0,1705000000.0,-1140000000.0,,,-328000000.0,565000000.0,-110000000.0,-137000000.0,455000000,,455000000,-108000000.0,364000000,,353000000,353000000,SRE,2016-03-31
378214,USD,2016,Q2,2016-08-04,2017-08-04,250096000.0,250096000.0,2156000000.0,-1032000000.0,1124000000.0,-1116000000.0,,,-314000000.0,8000000.0,-99000000.0,-136000000.0,-91000000,-21000000.0,-112000000,106000000.0,27000000,,17000000,16000000,SRE,2016-06-30
378214,USD,2016,Q3,2016-11-02,2017-10-30,250386000.0,252405000.0,2535000000.0,-939000000.0,1596000000.0,-1139000000.0,,,-328000000.0,457000000.0,-91000000.0,-129000000.0,366000000,616000000.0,982000000,-282000000.0,719000000,,622000000,622000000,SRE,2016-09-30
378214,USD,2016,Q4,2017-02-28,2018-02-27,250652000.0,252385000.0,2870000000.0,-966000000.0,1904000000.0,-1313000000.0,,,-342000000.0,591000000.0,-89000000.0,-125000000.0,502000000,3000000.0,505000000,-105000000.0,409000000,,379000000,379000000,SRE,2016-12-31
378214,USD,2017,Q1,2017-05-09,2018-05-07,251131000.0,252246000.0,3031000000.0,-1101000000.0,1930000000.0,-1189000000.0,,,-360000000.0,741000000.0,11000000.0,-163000000.0,752000000,,752000000,-295000000.0,452000000,,441000000,441000000,SRE,2017-03-31
378214,USD,2017,Q2,2017-08-04,2018-08-06,251447000.0,252822000.0,2533000000.0,-805000000.0,1728000000.0,-1217000000.0,,,-368000000.0,511000000.0,-43000000.0,-151000000.0,468000000,-71000000.0,397000000,-167000000.0,248000000,,260000000,259000000,SRE,2017-06-30
378214,USD,2017,Q3,2017-10-30,2018-11-07,251692000.0,253364000.0,2679000000.0,-958000000.0,1721000000.0,-1251000000.0,,,-378000000.0,470000000.0,-113000000.0,-153000000.0,357000000,-352000000.0,5000000,84000000.0,102000000,,57000000,57000000,SRE,2017-09-30
378214,USD,2017,Q4,2018-02-27,2018-02-27,251910000.0,250768000.0,2964000000.0,-970000000.0,1994000000.0,-1386000000.0,,,-384000000.0,608000000.0,-180000000.0,-146000000.0,428000000,3000000.0,431000000,-898000000.0,-451000000,,-501000000,-501000000,SRE,2017-12-31
378214,USD,2018,Q1,2018-05-07,2018-05-07,257932000.0,259490000.0,2962000000.0,-981000000.0,1981000000.0,-1284000000.0,,,-386000000.0,697000000.0,-30000000.0,-183000000.0,667000000,,667000000,-289000000.0,358000000,,375000000,347000000,SRE,2018-03-31
378214,USD,2018,Q2,2018-08-06,2018-08-06,265837000.0,265837000.0,2564000000.0,-824000000.0,1740000000.0,-1279000000.0,,,-392000000.0,461000000.0,-270000000.0,-216000000.0,191000000,-1300000000.0,-1109000000,583000000.0,-530000000,,-535000000,-561000000,SRE,2018-06-30
378214,USD,2018,Q3,2018-11-07,2018-11-07,273944000.0,275907000.0,2940000000.0,-1066000000.0,1874000000.0,-1330000000.0,,,-380000000.0,544000000.0,-113000000.0,-210000000.0,431000000,-4000000.0,427000000,-167000000.0,334000000,,310000000,274000000,SRE,2018-09-30
378214,USD,2018,Q4,2019-02-26,2019-02-26,274575000.0,278174000.0,1636000000.0,-52000000.0,1584000000.0,-1220000000.0,,,-333000000.0,364000000.0,-330000000.0,-192000000.0,34000000,695000000.0,729000000,-78000000.0,776000000,188000000.0,900000000,864000000,SRE,2018-12-31
378214,USD,2019,Q1,2019-05-07,2019-05-07,274674000.0,277228000.0,2898000000.0,-895000000.0,2003000000.0,-1345000000.0,,,-383000000.0,658000000.0,-157000000.0,-239000000.0,501000000,,501000000,-42000000.0,560000000,-42000000.0,477000000,441000000,SRE,2019-03-31
378214,USD,2019,Q2,2019-08-02,2019-08-02,274987000.0,279619000.0,2230000000.0,-462000000.0,1768000000.0,-1339000000.0,,,-389000000.0,429000000.0,-209000000.0,-237000000.0,220000000,66000000.0,286000000,-47000000.0,357000000,78000000.0,390000000,354000000,SRE,2019-06-30
378214,USD,2019,Q3,2019-11-01,2020-11-05,277360000.0,295789000.0,2758000000.0,-626000000.0,2132000000.0,-1374000000.0,,,-402000000.0,758000000.0,-264000000.0,-257000000.0,494000000,-46000000.0,448000000,-61000000.0,653000000,256000000.0,849000000,813000000,SRE,2019-09-30
378214,USD,2019,Q4,2020-02-27,2020-02-27,284595000.0,275496000.0,2943000000.0,-688000000.0,2255000000.0,-1473000000.0,,,-395000000.0,782000000.0,-283000000.0,-257000000.0,499000000,0.0,499000000,-165000000.0,429000000,71000000.0,482000000,447000000,SRE,2019-12-31
378214,USD,2020,Q1,2020-05-04,2021-05-05,292790000.0,313925000.0,3029000000.0,-625000000.0,2404000000.0,-1400000000.0,-851000000.0,,-412000000.0,1004000000.0,-507000000.0,-253000000.0,497000000,-100000000.0,397000000,207000000.0,867000000,80000000.0,796000000,760000000,SRE,2020-03-31
