SimFinId,Currency,Fiscal Year,Fiscal Period,Publish Date,Restated Date,Shares (Basic),Shares (Diluted),Revenue,Cost of Revenue,Gross Profit,Operating Expenses,"Selling, General & Administrative",Research & Development,Depreciation & Amortization,Operating Income (Loss),Non-Operating Income (Loss),"Interest Expense, Net","Pretax Income (Loss), Adj.",Abnormal Gains (Losses),Pretax Income (Loss),"Income Tax (Expense) Benefit, Net",Income (Loss) from Continuing Operations,Net Extraordinary Gains (Losses),Net Income,Net Income (Common),Ticker,Report_Date
768206,USD,2012,Q3,2012-11-19,2013-11-14,29633.0,29633.0,2809000.0,,2809000.0,-6341000.0,-1093000.0,-5248000.0,,-3532000.0,-90000.0,-90000.0,-3622000,-2069000.0,-5691000,6000.0,-5685000,,-5685000,-5685000,RGLS,2012-09-30
768206,USD,2012,Q4,2013-02-19,2015-02-19,2672364.0,2672364.0,3238000.0,,3238000.0,-7542000.0,-1934000.0,-5608000.0,,-4304000.0,82000.0,82000.0,-4222000,-2638000.0,-6860000,-17000.0,-6877000,,-6877000,-6877000,RGLS,2012-12-31
768206,USD,2013,Q1,2013-05-15,2014-05-09,2988188.0,2988188.0,3238000.0,,3238000.0,-8788000.0,-1905000.0,-6883000.0,,-5550000.0,72000.0,72000.0,-5478000,-1761000.0,-7239000,10000.0,-7229000,,-7229000,-7229000,RGLS,2013-03-31
768206,USD,2013,Q2,2013-08-16,2014-08-07,2998354.0,2998354.0,4759000.0,,4759000.0,-9445000.0,-1723000.0,-7722000.0,,-4686000.0,45000.0,45000.0,-4641000,-2697000.0,-7338000,-10000.0,-7348000,,-7348000,-7348000,RGLS,2013-06-30
768206,USD,2013,Q3,2013-11-14,2014-11-06,3344896.0,3461586.0,6118000.0,,6118000.0,-9023000.0,-1917000.0,-7106000.0,,-2905000.0,65000.0,65000.0,-2840000,671000.0,-2169000,5000.0,-2164000,,-2164000,-2164000,RGLS,2013-09-30
768206,USD,2013,Q4,2014-02-28,2016-02-23,3489914.0,3373224.0,5454000.0,,5454000.0,-10115000.0,-1884000.0,-8231000.0,,-4661000.0,74000.0,74000.0,-4587000,2642000.0,-1945000,18000.0,-1927000,,-1927000,-1927000,RGLS,2013-12-31
768206,USD,2014,Q1,2014-05-09,2015-05-08,3556094.0,3556094.0,1631000.0,,1631000.0,-12336000.0,-2732000.0,-9604000.0,,-10705000.0,89000.0,89000.0,-10616000,-2124000.0,-12740000,-1000.0,-12741000,,-12741000,-12741000,RGLS,2014-03-31
768206,USD,2014,Q2,2014-08-07,2015-08-05,3612095.0,3731801.0,736000.0,,736000.0,-13749000.0,-2954000.0,-10795000.0,,-13013000.0,87000.0,87000.0,-12926000,953000.0,-11973000,,-11973000,,-11973000,-11973000,RGLS,2014-06-30
768206,USD,2014,Q3,2014-11-06,2015-11-06,3615741.0,3736460.0,1083000.0,,1083000.0,-12742000.0,-2569000.0,-10173000.0,,-11659000.0,76000.0,76000.0,-11583000,1785000.0,-9798000,0.0,-9798000,,-9798000,-9798000,RGLS,2014-09-30
768206,USD,2014,Q4,2015-02-19,2017-03-03,3906914.0,3666488.0,4219000.0,,4219000.0,-13752000.0,-3278000.0,-10474000.0,,-9533000.0,97000.0,97000.0,-9436000,-12732000.0,-22168000,2000.0,-22166000,,-22166000,-22166000,RGLS,2014-12-31
768206,USD,2015,Q1,2015-05-08,2016-05-03,4170928.0,4170928.0,4200000.0,,4200000.0,-17071000.0,-3644000.0,-13427000.0,,-12871000.0,191000.0,191000.0,-12680000,-1811000.0,-14491000,4000.0,-14487000,,-14487000,-14487000,RGLS,2015-03-31
768206,USD,2015,Q2,2015-08-05,2016-08-03,4254422.0,4254422.0,3834000.0,,3834000.0,-25015000.0,-5814000.0,-19201000.0,,-21181000.0,144000.0,144000.0,-21037000,0.0,-21037000,2000.0,-21035000,,-21035000,-21035000,RGLS,2015-06-30
768206,USD,2015,Q3,2015-11-06,2016-11-02,4330805.0,4330805.0,1865000.0,,1865000.0,-15210000.0,-4245000.0,-10965000.0,,-13345000.0,329000.0,329000.0,-13016000,0.0,-13016000,16000.0,-13000000,,-13000000,-13000000,RGLS,2015-09-30
768206,USD,2015,Q4,2016-02-23,2018-03-08,4374108.0,4374108.0,10860000.0,,10860000.0,-18221000.0,-5427000.0,-12794000.0,,-7361000.0,139000.0,139000.0,-7222000,0.0,-7222000,-4000.0,-7226000,,-7226000,-7226000,RGLS,2015-12-31
768206,USD,2016,Q1,2016-05-03,2017-05-05,4390799.0,4390799.0,489000.0,,489000.0,-21867000.0,-5103000.0,-16764000.0,,-21378000.0,166000.0,166000.0,-21212000,,-21212000,5000.0,-21207000,,-21207000,-21207000,RGLS,2016-03-31
768206,USD,2016,Q2,2016-08-03,2017-08-02,4396794.0,4396794.0,483000.0,,483000.0,-21671000.0,-3664000.0,-18007000.0,,-21188000.0,90000.0,90000.0,-21098000,,-21098000,8000.0,-21090000,,-21090000,-21090000,RGLS,2016-06-30
768206,USD,2016,Q3,2016-11-02,2017-11-08,4401190.0,4401190.0,204000.0,,204000.0,-19396000.0,-4842000.0,-14554000.0,,-19192000.0,-323000.0,-323000.0,-19515000,,-19515000,-4000.0,-19519000,,-19519000,-19519000,RGLS,2016-09-30
768206,USD,2016,Q4,2017-03-03,2018-03-08,4408666.0,4408666.0,18000.0,,18000.0,-19762000.0,-4782000.0,-14980000.0,,-19744000.0,-271000.0,-271000.0,-20015000,0.0,-20015000,-5000.0,-20020000,,-20020000,-20020000,RGLS,2016-12-31
768206,USD,2017,Q1,2017-05-05,2018-05-10,4414099.0,4414099.0,18000.0,,18000.0,-19711000.0,-3959000.0,-15752000.0,,-19693000.0,-332000.0,-332000.0,-20025000,,-20025000,4000.0,-20021000,,-20021000,-20021000,RGLS,2017-03-31
768206,USD,2017,Q2,2017-08-02,2018-08-09,4430088.0,4430088.0,18000.0,,18000.0,-21335000.0,-7057000.0,-14278000.0,,-21317000.0,-419000.0,-419000.0,-21736000,,-21736000,128000.0,-21608000,,-21608000,-21608000,RGLS,2017-06-30
768206,USD,2017,Q3,2017-11-08,2018-11-09,7503001.0,7503001.0,18000.0,,18000.0,-15433000.0,-2736000.0,-12697000.0,,-15415000.0,-420000.0,-420000.0,-15835000,,-15835000,7000.0,-15828000,,-15828000,-15828000,RGLS,2017-09-30
768206,USD,2017,Q4,2018-03-08,2018-03-08,8719702.0,8719702.0,18000.0,,18000.0,-13724000.0,-3259000.0,-10465000.0,,-13706000.0,-800000.0,-800000.0,-14506000,0.0,-14506000,58000.0,-14448000,,-14448000,-14448000,RGLS,2017-12-31
768206,USD,2018,Q1,2018-05-10,2018-05-10,8664722.0,8664722.0,18000.0,,18000.0,-15601000.0,-3773000.0,-11828000.0,,-15583000.0,-441000.0,-441000.0,-16024000,,-16024000,-1000.0,-16025000,,-16025000,-16025000,RGLS,2018-03-31
768206,USD,2018,Q2,2018-08-09,2018-08-09,8689819.0,8689819.0,18000.0,,18000.0,-13362000.0,-3349000.0,-10013000.0,,-13344000.0,-503000.0,-503000.0,-13847000,,-13847000,0.0,-13847000,,-13847000,-13847000,RGLS,2018-06-30
768206,USD,2018,Q3,2018-11-09,2018-11-09,8703626.0,8703626.0,18000.0,,18000.0,-9872000.0,-2993000.0,-6879000.0,,-9854000.0,-419000.0,-419000.0,-10273000,,-10273000,0.0,-10273000,,-10273000,-10273000,RGLS,2018-09-30
768206,USD,2018,Q4,2019-04-29,2019-04-29,8816085.0,8816085.0,18000.0,,18000.0,-8000000.0,-2745000.0,-5255000.0,,-7982000.0,-521000.0,-521000.0,-8503000,,-8503000,-61000.0,-8564000,,-8564000,-8564000,RGLS,2018-12-31
768206,USD,2019,Q1,2019-05-10,2019-05-10,10379830.0,10379830.0,6778000.0,,6778000.0,-9516000.0,-3533000.0,-5983000.0,,-2738000.0,-522000.0,-522000.0,-3260000,,-3260000,0.0,-3260000,,-3260000,-3260000,RGLS,2019-03-31
768206,USD,2019,Q2,2019-08-08,2019-08-08,16705587.0,16705587.0,18000.0,,18000.0,-4686000.0,-2850000.0,-1836000.0,,-4668000.0,-347000.0,-347000.0,-5015000,,-5015000,1000.0,-5014000,,-5014000,-5014000,RGLS,2019-06-30
768206,USD,2019,Q3,2019-11-12,2019-11-12,20849083.0,20849083.0,18000.0,,18000.0,-5011000.0,-2571000.0,-2440000.0,,-4993000.0,-430000.0,-430000.0,-5423000,,-5423000,0.0,-5423000,,-5423000,-5423000,RGLS,2019-09-30
768206,USD,2019,Q4,2020-03-12,2020-03-12,21106204.0,21106204.0,18000.0,,18000.0,-4453000.0,-2363000.0,-2090000.0,,-4435000.0,-458000.0,-458000.0,-4893000,,-4893000,0.0,-4893000,,-4893000,-4893000,RGLS,2019-12-31
768206,USD,2020,Q1,2020-05-14,2021-05-14,24064373.0,24064373.0,6000.0,,6000.0,-5541000.0,-2422000.0,-3119000.0,,-5535000.0,-410000.0,-410000.0,-5945000,,-5945000,8000.0,-5937000,,-5937000,-5937000,RGLS,2020-03-31
