SimFinId,Currency,Fiscal Year,Fiscal Period,Publish Date,Restated Date,Shares (Basic),Shares (Diluted),Revenue,Cost of Revenue,Gross Profit,Operating Expenses,"Selling, General & Administrative",Research & Development,Depreciation & Amortization,Operating Income (Loss),Non-Operating Income (Loss),"Interest Expense, Net","Pretax Income (Loss), Adj.",Abnormal Gains (Losses),Pretax Income (Loss),"Income Tax (Expense) Benefit, Net",Income (Loss) from Continuing Operations,Net Extraordinary Gains (Losses),Net Income,Net Income (Common),Ticker,Report_Date
532132,USD,2010,Q2,2010-08-06,2011-08-05,34814309.0,35993591.0,446195000.0,-340045000.0,106150000.0,-65277000.0,-55971000.0,,-7287000.0,40873000.0,-8616000.0,-11779000.0,32257000,,32257000,-10605000.0,21652000,,21652000,21652000,THS,2010-06-30
532132,USD,2010,Q3,2010-11-05,2011-11-04,35421000.0,36373000.0,464242000.0,-354005000.0,110237000.0,-62444000.0,-54301000.0,,-7040000.0,47793000.0,-10983000.0,-12867000.0,36810000,,36810000,-11943000.0,24867000,,24867000,24867000,THS,2010-09-30
532132,USD,2010,Q4,2011-02-15,2013-02-21,36527691.0,37707409.0,509463000.0,-383294000.0,126169000.0,-69600000.0,-61700000.0,,-7578000.0,56569000.0,-13840000.0,-14218000.0,42729000,,42729000,-14648000.0,28081000,,28081000,28081000,THS,2010-12-31
532132,USD,2011,Q1,2011-05-06,2012-05-08,35534000.0,36785000.0,493513000.0,-372587000.0,120926000.0,-76202000.0,-65503000.0,,-8049000.0,44724000.0,-14789000.0,-13851000.0,29935000,,29935000,-10127000.0,19808000,,19808000,19808000,THS,2011-03-31
532132,USD,2011,Q2,2011-08-05,2012-08-08,35600000.0,36950000.0,492620000.0,-383180000.0,109440000.0,-75827000.0,-66160000.0,,-8319000.0,33613000.0,-12370000.0,-13470000.0,21243000,,21243000,-6898000.0,14345000,,14345000,14345000,THS,2011-06-30
532132,USD,2011,Q3,2011-11-04,2012-11-07,35967000.0,36911000.0,528050000.0,-402518000.0,125532000.0,-72880000.0,-62308000.0,,-8839000.0,52652000.0,-7537000.0,-12610000.0,45115000,,45115000,-14725000.0,30390000,,30390000,30390000,THS,2011-09-30
532132,USD,2011,Q4,2012-02-21,2014-02-20,36119000.0,37154000.0,535802000.0,-418403000.0,117399000.0,-60113000.0,-50187000.0,,-9195000.0,57286000.0,-13781000.0,-13092000.0,43505000,,43505000,-13641000.0,29864000,,29864000,29864000,THS,2011-12-31
532132,USD,2012,Q1,2012-05-08,2013-05-09,36019000.0,37094000.0,523811000.0,-408879000.0,114932000.0,-69621000.0,-60898000.0,,-8263000.0,45311000.0,-13607000.0,-13212000.0,31704000,,31704000,-9630000.0,22074000,,22074000,22074000,THS,2012-03-31
532132,USD,2012,Q2,2012-08-08,2013-08-08,36057000.0,37132000.0,527421000.0,-420830000.0,106591000.0,-65137000.0,-56562000.0,,-8624000.0,41454000.0,-13958000.0,-12438000.0,27496000,,27496000,-7985000.0,19511000,,19511000,19511000,THS,2012-06-30
532132,USD,2012,Q3,2012-11-07,2013-11-07,36149000.0,37074000.0,538112000.0,-424903000.0,113209000.0,-71864000.0,-60475000.0,,-7848000.0,41345000.0,-12383000.0,-12760000.0,28962000,,28962000,-7408000.0,21554000,,21554000,21554000,THS,2012-09-30
532132,USD,2012,Q4,2013-02-21,2015-02-19,36395000.0,37172000.0,592781000.0,-473603000.0,119178000.0,-70461000.0,-61817000.0,,-8811000.0,48717000.0,-12670000.0,-12556000.0,36047000,,36047000,-10823000.0,25224000,,25224000,25224000,THS,2012-12-31
532132,USD,2013,Q1,2013-05-09,2014-05-08,36301000.0,37234000.0,540110000.0,-425938000.0,114172000.0,-69792000.0,-59875000.0,,-8499000.0,44380000.0,-11026000.0,-12100000.0,33354000,,33354000,-10380000.0,22974000,,22974000,22974000,THS,2013-03-31
532132,USD,2013,Q2,2013-08-08,2014-08-07,36337000.0,37373000.0,526346000.0,-416778000.0,109568000.0,-68591000.0,-60500000.0,,-8227000.0,40977000.0,-13094000.0,-11908000.0,27883000,,27883000,-9318000.0,18565000,,18565000,18565000,THS,2013-06-30
532132,USD,2013,Q3,2013-11-07,2014-11-06,36482000.0,37438000.0,567150000.0,-451887000.0,115263000.0,-74103000.0,-64659000.0,,-8583000.0,41160000.0,-11788000.0,-12089000.0,29372000,,29372000,-6707000.0,22665000,,22665000,22665000,THS,2013-09-30
532132,USD,2013,Q4,2014-02-20,2016-02-18,36552000.0,37539000.0,660321000.0,-523775000.0,136546000.0,-84899000.0,-71029000.0,,-10066000.0,51647000.0,-17346000.0,-11022000.0,34301000,,34301000,-11517000.0,22784000,,22784000,22784000,THS,2013-12-31
532132,USD,2014,Q1,2014-05-08,2015-05-07,36682000.0,37665000.0,618903000.0,-485912000.0,132991000.0,-82692000.0,-71785000.0,,-10034000.0,50299000.0,-13571000.0,-10705000.0,36728000,-16685000.0,20043000,-5721000.0,14322000,,14322000,14322000,THS,2014-03-31
532132,USD,2014,Q2,2014-08-07,2015-08-06,36961000.0,37990000.0,627960000.0,-492283000.0,135677000.0,-91101000.0,-80204000.0,,-10532000.0,44576000.0,-5577000.0,-8588000.0,38999000,-5259000.0,33740000,-11981000.0,21759000,,21759000,21759000,THS,2014-06-30
532132,USD,2014,Q3,2014-11-06,2015-11-05,41099000.0,42002000.0,795726000.0,-637138000.0,158588000.0,-110623000.0,-95495000.0,,-14958000.0,47965000.0,-17095000.0,-9989000.0,30870000,-75000.0,30795000,-10913000.0,19882000,,19882000,19882000,THS,2014-09-30
532132,USD,2014,Q4,2015-02-19,2017-02-16,42650000.0,43295000.0,903513000.0,-724165000.0,179348000.0,-104034000.0,-85911000.0,,-17110000.0,75314000.0,-23322000.0,-11764000.0,51992000,0.0,51992000,-18075000.0,33917000,,33917000,33917000,THS,2014-12-31
532132,USD,2015,Q1,2015-05-07,2016-05-05,42873000.0,43639000.0,783145000.0,-630708000.0,152437000.0,-105741000.0,-90198000.0,,-15328000.0,46696000.0,-20895000.0,-9923000.0,25801000,,25801000,-7949000.0,17852000,,17852000,17852000,THS,2015-03-31
532132,USD,2015,Q2,2015-08-06,2016-08-04,42974000.0,43679000.0,759208000.0,-607837000.0,151371000.0,-96850000.0,-81164000.0,,-15551000.0,54521000.0,-6734000.0,-11178000.0,47787000,,47787000,-16425000.0,31362000,,31362000,31362000,THS,2015-06-30
532132,USD,2015,Q3,2015-11-05,2016-11-03,43168000.0,43721000.0,798638000.0,-639941000.0,158697000.0,-96469000.0,-81422000.0,,-14893000.0,62228000.0,-21953000.0,-10649000.0,40275000,,40275000,-11834000.0,28441000,,28441000,28441000,THS,2015-09-30
532132,USD,2015,Q4,2016-02-18,2018-02-20,43193000.0,43797000.0,865409000.0,-683614000.0,181795000.0,-105540000.0,-89416000.0,,-14828000.0,76255000.0,-18918000.0,-10750000.0,57337000,,57337000,-20092000.0,37245000,,37245000,37245000,THS,2015-12-31
532132,USD,2016,Q1,2016-05-05,2017-05-04,52700000.0,52700000.0,1270200000.0,-1045600000.0,224600000.0,-205600000.0,-180100000.0,,-23800000.0,19000000.0,-23800000.0,-22900000.0,-4800000,,-4800000,1600000.0,-3200000,,-3200000,-3200000,THS,2016-03-31
532132,USD,2016,Q2,2016-08-04,2017-08-03,56600000.0,57500000.0,1541400000.0,-1275600000.0,265800000.0,-214200000.0,-182400000.0,,-28500000.0,51600000.0,-29400000.0,-30900000.0,22200000,,22200000,-3200000.0,19000000,,19000000,19000000,THS,2016-06-30
532132,USD,2016,Q3,2016-11-03,2017-11-02,56800000.0,57600000.0,1586900000.0,-1301300000.0,285600000.0,-208000000.0,-174100000.0,,-28600000.0,77600000.0,-25000000.0,-30700000.0,52600000,,52600000,-15200000.0,37400000,,37400000,37400000,THS,2016-09-30
532132,USD,2016,Q4,2017-02-16,2018-02-20,56768000.0,55068000.0,1776600000.0,-1427200000.0,349400000.0,-242200000.0,-208800000.0,,-29000000.0,107200000.0,-20400000.0,-30500000.0,86800000,-352200000.0,-265400000,-16400000.0,-281800000,,-281800000,-281800000,THS,2016-12-31
532132,USD,2017,Q1,2017-05-04,2018-05-03,56900000.0,57600000.0,1536200000.0,-1249800000.0,286400000.0,-219100000.0,-183700000.0,,-28600000.0,67300000.0,-27600000.0,-26900000.0,39700000,,39700000,-11500000.0,28200000,,28200000,28200000,THS,2017-03-31
532132,USD,2017,Q2,2017-08-03,2018-08-02,57000000.0,57000000.0,1522200000.0,-1245600000.0,276600000.0,-300400000.0,-177700000.0,,-28700000.0,-23800000.0,-32200000.0,-31500000.0,-56000000,,-56000000,21800000.0,-34200000,,-34200000,-34200000,THS,2017-06-30
532132,USD,2017,Q3,2017-11-02,2017-11-02,57300000.0,57700000.0,1548800000.0,-1288700000.0,260100000.0,-202300000.0,-162700000.0,,-28500000.0,57800000.0,-27700000.0,-31000000.0,30100000,,30100000,-1300000.0,28800000,,28800000,28800000,THS,2017-09-30
532132,USD,2017,Q4,2018-02-20,2018-02-20,57200000.0,56100000.0,1699900000.0,-1439000000.0,260900000.0,-223700000.0,-178600000.0,,-28300000.0,37200000.0,-25900000.0,-33100000.0,11300000,-549700000.0,-538400000,229400000.0,-309000000,,-309000000,-309000000,THS,2017-12-31
532132,USD,2018,Q1,2018-05-03,2018-05-03,56500000.0,56500000.0,1481200000.0,-1249300000.0,231900000.0,-240600000.0,-189500000.0,,-22200000.0,-8700000.0,-35200000.0,-26500000.0,-43900000,,-43900000,9800000.0,-34100000,,-34100000,-34100000,THS,2018-03-31
532132,USD,2018,Q2,2018-08-02,2018-08-02,56400000.0,56400000.0,1455800000.0,-1220000000.0,235800000.0,-232600000.0,-164600000.0,,-21300000.0,3200000.0,-29400000.0,-30800000.0,-26200000,,-26200000,6100000.0,-20100000,,-20100000,-20100000,THS,2018-06-30
532132,USD,2018,Q3,2018-11-01,2018-11-01,56300000.0,56700000.0,1394000000.0,-1166500000.0,227500000.0,-196600000.0,-151900000.0,,-21400000.0,30900000.0,-30700000.0,-26500000.0,200000,,200000,5200000.0,5400000,,5400000,5400000,THS,2018-09-30
532132,USD,2018,Q4,2019-02-14,2019-02-14,54800000.0,54400000.0,256800000.0,-59800000.0,197000000.0,-138999999.0,-86899999.0,,-15300000.0,58000001.0,-39100000.0,-21600000.0,18900001,-6600000.0,12300001,-9700000.0,2600001,-18200000.0,-15599999,-15599999,THS,2018-12-31
532132,USD,2019,Q1,2019-05-02,2019-05-02,56100000.0,56100000.0,1301100000.0,-1106500000.0,194600000.0,-195500000.0,-145100000.0,,-21600000.0,-900000.0,-38700000.0,-26900000.0,-39600000,,-39600000,12300000.0,-27300000,,-27300000,-27300000,THS,2019-03-31
532132,USD,2019,Q2,2019-08-01,2019-08-01,56300000.0,56300000.0,1250700000.0,-1051700000.0,199000000.0,-218200000.0,-163400000.0,,-19300000.0,-19200000.0,-50800000.0,-27900000.0,-70000000,-130400000.0,-200400000,28600000.0,-171800000,,-171800000,-171800000,THS,2019-06-30
532132,USD,2019,Q3,2019-11-07,2019-11-07,56300000.0,56300000.0,1057300000.0,-871000000.0,186300000.0,-153900000.0,-112700000.0,,-17700000.0,32400000.0,-41800000.0,-27300000.0,-9400000,-88000000.0,-97400000,36400000.0,-61000000,-116800000.0,-177800000,-177800000,THS,2019-09-30
532132,USD,2019,Q4,2020-02-13,2020-02-13,56100000.0,56100000.0,679799999.0,-462900000.0,216899999.0,-116199999.0,-88899999.0,,-15500000.0,100700000.0,-8400000.0,-20300000.0,92300000,89300000.0,181600000,-31800000.0,149800000,-133900000.0,15900000,15900000,THS,2019-12-31
532132,USD,2020,Q1,2020-05-07,2021-05-06,56300000.0,56300000.0,1084900000.0,-890000000.0,194900000.0,-164699999.0,-128699999.0,,-17500000.0,30200001.0,-103200000.0,-24800000.0,-72999999,,-72999999,40200000.0,-32799999,1600000.0,-31199999,-31199999,THS,2020-03-31
