SimFinId,Currency,Fiscal Year,Fiscal Period,Publish Date,Restated Date,Shares (Basic),Shares (Diluted),Revenue,Cost of Revenue,Gross Profit,Operating Expenses,"Selling, General & Administrative",Research & Development,Depreciation & Amortization,Operating Income (Loss),Non-Operating Income (Loss),"Interest Expense, Net","Pretax Income (Loss), Adj.",Abnormal Gains (Losses),Pretax Income (Loss),"Income Tax (Expense) Benefit, Net",Income (Loss) from Continuing Operations,Net Extraordinary Gains (Losses),Net Income,Net Income (Common),Ticker,Report_Date
641925,USD,2010,Q4,2011-03-07,2013-03-01,75170000.0,75450000.0,122524000.0,-75756000.0,46768000.0,-32354000.0,-29108000.0,,-3246000.0,14414000.0,-447000.0,-58000.0,13967000,,13967000,-5840000.0,8127000,,8127000,8127000,WWE,2010-12-31
641925,USD,2011,Q1,2011-05-09,2012-05-07,75043000.0,75727000.0,119907000.0,-73247000.0,46660000.0,-33494000.0,-29859000.0,,-3635000.0,13166000.0,467000.0,-50000.0,13633000,,13633000,-5030000.0,8603000,,8603000,8603000,WWE,2011-03-31
641925,USD,2011,Q2,2011-08-08,2012-08-07,74058000.0,74775000.0,142554000.0,-88829000.0,53725000.0,-32703000.0,-29059000.0,,-3644000.0,21022000.0,-9000.0,-45000.0,21013000,,21013000,-6746000.0,14267000,,14267000,14267000,WWE,2011-06-30
641925,USD,2011,Q3,2011-11-07,2012-11-06,74328000.0,74707000.0,108518000.0,-64455000.0,44063000.0,-28160000.0,-24567000.0,,-3593000.0,15903000.0,-328000.0,-151000.0,15575000,,15575000,-4984000.0,10591000,,10591000,10591000,WWE,2011-09-30
641925,USD,2011,Q4,2012-03-01,2014-02-24,73419000.0,74223000.0,112942000.0,-88652000.0,24290000.0,-37362000.0,-33254000.0,,-4108000.0,-13072000.0,-268000.0,-377000.0,-13340000,,-13340000,4711000.0,-8629000,,-8629000,-8629000,WWE,2011-12-31
641925,USD,2012,Q1,2012-05-07,2013-05-03,74461000.0,74815000.0,123068000.0,-68397000.0,54671000.0,-38630000.0,-34712000.0,,-3918000.0,16041000.0,503000.0,-502000.0,16544000,,16544000,-1213000.0,15331000,,15331000,15331000,WWE,2012-03-31
641925,USD,2012,Q2,2012-08-07,2013-08-02,74484000.0,74882000.0,141648000.0,-85484000.0,56164000.0,-36568000.0,-31747000.0,,-4821000.0,19596000.0,-899000.0,-395000.0,18697000,,18697000,-6754000.0,11943000,,11943000,11943000,WWE,2012-06-30
641925,USD,2012,Q3,2012-11-06,2013-11-01,74681000.0,74845000.0,104197000.0,-61406000.0,42791000.0,-37766000.0,-32459000.0,,-5307000.0,5025000.0,-25000.0,-457000.0,5000000,,5000000,-1473000.0,3527000,,3527000,3527000,WWE,2012-09-30
641925,USD,2012,Q4,2013-03-01,2015-02-18,74754000.0,75382000.0,115100000.0,-69166000.0,45934000.0,-43401000.0,-37423000.0,,-5978000.0,2533000.0,-90000.0,-350000.0,2443000,0.0,2443000,-1812000.0,631000,,631000,631000,WWE,2012-12-31
641925,USD,2013,Q1,2013-05-03,2014-05-02,74800000.0,75233000.0,124001000.0,-74866000.0,49135000.0,-43063000.0,-37831000.0,,-5232000.0,6072000.0,-1249000.0,-352000.0,4823000,,4823000,-1789000.0,3034000,,3034000,3034000,WWE,2013-03-31
641925,USD,2013,Q2,2013-08-02,2014-08-01,74821000.0,75368000.0,152282000.0,-96855000.0,55427000.0,-46588000.0,-40504000.0,,-6084000.0,8839000.0,-478000.0,-480000.0,8361000,,8361000,-3179000.0,5182000,,5182000,5182000,WWE,2013-06-30
641925,USD,2013,Q3,2013-11-01,2014-10-31,75030000.0,75388000.0,113292000.0,-70947000.0,42345000.0,-39143000.0,-32640000.0,,-6503000.0,3202000.0,139000.0,-438000.0,3341000,,3341000,-902000.0,2439000,,2439000,2439000,WWE,2013-09-30
641925,USD,2013,Q4,2014-02-24,2016-02-12,75105000.0,75527000.0,118395000.0,-80360000.0,38035000.0,-50257000.0,-43607000.0,,-6650000.0,-12222000.0,300000.0,-476000.0,-11922000,0.0,-11922000,4031000.0,-7891000,,-7891000,-7891000,WWE,2013-12-31
641925,USD,2014,Q1,2014-05-02,2015-05-01,75137000.0,75137000.0,125572000.0,-84716000.0,40856000.0,-53036000.0,-48028000.0,,-5008000.0,-12180000.0,-285000.0,-475000.0,-12465000,,-12465000,4429000.0,-8036000,,-8036000,-8036000,WWE,2014-03-31
641925,USD,2014,Q2,2014-08-01,2015-07-31,75148000.0,75148000.0,156310000.0,-121747000.0,34563000.0,-57085000.0,-49176000.0,,-7909000.0,-22522000.0,-285000.0,-515000.0,-22807000,,-22807000,8310000.0,-14497000,,-14497000,-14497000,WWE,2014-06-30
641925,USD,2014,Q3,2014-10-31,2015-10-29,75402000.0,75402000.0,120183000.0,-78417000.0,41766000.0,-46805000.0,-39075000.0,,-7730000.0,-5039000.0,-1526000.0,-546000.0,-6565000,-3962000.0,-10527000,4606000.0,-5921000,,-5921000,-5921000,WWE,2014-09-30
641925,USD,2014,Q4,2015-02-18,2017-02-09,75489000.0,75489000.0,140555000.0,-92735000.0,47820000.0,-50236000.0,-44178000.0,,-6058000.0,-2416000.0,-1089000.0,-548000.0,-3505000,0.0,-3505000,1887000.0,-1618000,,-1618000,-1618000,WWE,2014-12-31
641925,USD,2015,Q1,2015-05-01,2016-05-10,75519000.0,76013000.0,176178000.0,-109701000.0,66477000.0,-51344000.0,-45431000.0,,-5913000.0,15133000.0,-679000.0,-541000.0,14454000,,14454000,-4681000.0,9773000,,9773000,9773000,WWE,2015-03-31
641925,USD,2015,Q2,2015-07-31,2016-07-28,75539000.0,76160000.0,150182000.0,-87312000.0,62870000.0,-55586000.0,-49742000.0,,-5844000.0,7284000.0,-199000.0,-570000.0,7085000,,7085000,-1966000.0,5119000,,5119000,5119000,WWE,2015-06-30
641925,USD,2015,Q3,2015-10-29,2016-10-27,75819000.0,76488000.0,166232000.0,-98270000.0,67962000.0,-50084000.0,-44513000.0,,-5571000.0,17878000.0,-658000.0,-615000.0,17220000,,17220000,-6855000.0,10365000,,10365000,10365000,WWE,2015-09-30
641925,USD,2015,Q4,2016-02-12,2018-02-08,75907000.0,76671000.0,166176000.0,-102033000.0,64143000.0,-58519000.0,-53087000.0,,-5432000.0,5624000.0,-1032000.0,-641000.0,4592000,-7125000.0,-2533000,1420000.0,-1113000,,-1113000,-1113000,WWE,2015-12-31
641925,USD,2016,Q1,2016-05-10,2017-05-04,75937000.0,77095000.0,171100000.0,-93334000.0,77766000.0,-55762000.0,-50175000.0,,-5587000.0,22004000.0,-639000.0,-593000.0,21365000,,21365000,-7480000.0,13885000,,13885000,13885000,WWE,2016-03-31
641925,USD,2016,Q2,2016-07-28,2017-07-27,75952000.0,77429000.0,198994000.0,-132020000.0,66974000.0,-65401000.0,-59435000.0,,-5966000.0,1573000.0,-546000.0,-601000.0,1027000,,1027000,-165000.0,862000,,862000,862000,WWE,2016-06-30
641925,USD,2016,Q3,2016-10-27,2017-10-26,76298000.0,77578000.0,164162000.0,-87637000.0,76525000.0,-58256000.0,-52062000.0,,-6194000.0,18269000.0,-209000.0,-571000.0,18060000,,18060000,-6985000.0,11075000,,11075000,11075000,WWE,2016-09-30
641925,USD,2016,Q4,2017-02-09,2018-02-08,76409000.0,78054000.0,194960000.0,-117041000.0,77919000.0,-64124000.0,-57460000.0,,-6664000.0,13795000.0,-1034000.0,-1255000.0,12761000,,12761000,-4742000.0,8019000,,8019000,8019000,WWE,2016-12-31
641925,USD,2017,Q1,2017-05-04,2017-05-04,76441000.0,78181000.0,188444000.0,-109153000.0,79291000.0,-75302000.0,-68434000.0,,-6868000.0,3989000.0,-2601000.0,-3526000.0,1388000,,1388000,-500000.0,888000,,888000,888000,WWE,2017-03-31
641925,USD,2017,Q2,2017-07-27,2017-07-27,76455000.0,78563000.0,214586000.0,-136387000.0,78199000.0,-67504000.0,-61127000.0,,-6377000.0,10695000.0,-2920000.0,-3639000.0,7775000,,7775000,-2690000.0,5085000,,5085000,5085000,WWE,2017-06-30
641925,USD,2017,Q3,2017-10-26,2017-10-26,76957000.0,78505000.0,186325000.0,-95233000.0,91092000.0,-57112000.0,-50677000.0,,-6435000.0,33980000.0,-2827000.0,-3569000.0,31153000,,31153000,-9299000.0,21854000,,21854000,21854000,WWE,2017-09-30
641925,USD,2017,Q4,2018-02-08,2018-02-08,77119000.0,78635000.0,211604000.0,-118208000.0,93396000.0,-66482000.0,-60112000.0,,-6370000.0,26914000.0,-3170000.0,-4002000.0,23744000,,23744000,-18931000.0,4813000,,4813000,4813000,WWE,2017-12-31
641925,USD,2018,Q1,2018-05-03,2018-05-03,77142000.0,82453000.0,187721000.0,-120061000.0,67660000.0,-45910000.0,-39571000.0,,-6339000.0,21750000.0,-1698000.0,-3513000.0,20052000,,20052000,-5217000.0,14835000,,14835000,14835000,WWE,2018-03-31
641925,USD,2018,Q2,2018-07-26,2018-07-26,77158000.0,87100000.0,281542000.0,-198891000.0,82651000.0,-61437000.0,-54622000.0,,-6815000.0,21214000.0,-3710000.0,-4734000.0,17504000,-3000000.0,14504000,-4559000.0,9945000,,9945000,9945000,WWE,2018-06-30
641925,USD,2018,Q3,2018-10-25,2018-10-25,77808000.0,90760000.0,188391000.0,-120797000.0,67594000.0,-49467000.0,-43562000.0,,-5905000.0,18127000.0,-135000.0,-3581000.0,17992000,,17992000,15598000.0,33590000,,33590000,33590000,WWE,2018-09-30
641925,USD,2018,Q4,2019-02-07,2019-02-07,78036000.0,94163000.0,272506000.0,-169433000.0,103073000.0,-49686000.0,-43676000.0,,-6010000.0,53387000.0,-2898000.0,-3577000.0,50489000,3000000.0,53489000,-12271000.0,41218000,,41218000,41218000,WWE,2018-12-31
641925,USD,2019,Q1,2019-04-25,2019-04-25,78040000.0,78040000.0,182448000.0,-135450000.0,46998000.0,-53857000.0,-47437000.0,,-6420000.0,-6859000.0,-4490000.0,-6339000.0,-11349000,,-11349000,2953000.0,-8396000,,-8396000,-8396000,WWE,2019-03-31
641925,USD,2019,Q2,2019-07-25,2019-07-25,78047000.0,91100000.0,268809000.0,-197363000.0,71446000.0,-54336000.0,-48498000.0,,-5838000.0,17110000.0,-3228000.0,-4009000.0,13882000,,13882000,-3468000.0,10414000,,10414000,10414000,WWE,2019-06-30
641925,USD,2019,Q3,2019-10-31,2019-10-31,78461000.0,89855000.0,186383000.0,-133842000.0,52541000.0,-46102000.0,-34857000.0,,-11245000.0,6439000.0,-7628000.0,-7834000.0,-1189000,,-1189000,6979000.0,5790000,,5790000,5790000,WWE,2019-09-30
641925,USD,2019,Q4,2020-02-07,2020-02-07,78080000.0,101929000.0,322802000.0,-171544000.0,151258000.0,-51438000.0,-40814000.0,,-10624000.0,99820000.0,-6486000.0,-7939000.0,93334000,,93334000,-24081000.0,69253000,,69253000,69253000,WWE,2019-12-31
641925,USD,2020,Q1,2020-04-23,2021-04-22,77336000.0,85100000.0,291009000.0,-175389000.0,115620000.0,-62327000.0,-51427000.0,,-10900000.0,53293000.0,-18571000.0,-8151000.0,34722000,,34722000,-8549000.0,26173000,,26173000,26173000,WWE,2020-03-31
