SimFinId,Currency,Fiscal Year,Fiscal Period,Publish Date,Restated Date,Shares (Basic),Shares (Diluted),Revenue,Cost of Revenue,Gross Profit,Operating Expenses,"Selling, General & Administrative",Research & Development,Depreciation & Amortization,Operating Income (Loss),Non-Operating Income (Loss),"Interest Expense, Net","Pretax Income (Loss), Adj.",Abnormal Gains (Losses),Pretax Income (Loss),"Income Tax (Expense) Benefit, Net",Income (Loss) from Continuing Operations,Net Extraordinary Gains (Losses),Net Income,Net Income (Common),Ticker,Report_Date
721571,USD,2011,Q2,2011-08-10,2012-08-09,22709000.0,23442000.0,64372000.0,-28500000.0,35872000.0,-18387000.0,-12439000.0,-5779000.0,-169000.0,17485000.0,-746000.0,-276000.0,16739000,,16739000,-5652000.0,11087000,,11087000,11087000,NANO,2011-06-30
721571,USD,2011,Q3,2011-11-09,2012-11-07,22875000.0,23526000.0,58269000.0,-27673000.0,30596000.0,-18850000.0,-12679000.0,-6045000.0,-126000.0,11746000.0,567000.0,-267000.0,12313000,,12313000,-4694000.0,7619000,,7619000,7619000,NANO,2011-09-30
721571,USD,2011,Q4,2012-03-14,2014-03-07,22820000.0,23555000.0,45277000.0,-24567000.0,20710000.0,-18738000.0,-12604000.0,-5978000.0,-156000.0,1972000.0,-193000.0,-276000.0,1779000,-2500000.0,-721000,190000.0,-531000,,-531000,-531000,NANO,2011-12-31
721571,USD,2012,Q1,2012-05-09,2013-05-07,23349000.0,23981000.0,55492000.0,-30426000.0,25066000.0,-20960000.0,-13292000.0,-7476000.0,-192000.0,4106000.0,-392000.0,-217000.0,3714000,,3714000,-2011000.0,1703000,,1703000,1703000,NANO,2012-03-31
721571,USD,2012,Q2,2012-08-09,2013-08-02,23395000.0,23877000.0,53181000.0,-28422000.0,24759000.0,-20463000.0,-12624000.0,-7644000.0,-195000.0,4296000.0,-280000.0,-231000.0,4016000,,4016000,490000.0,4506000,,4506000,4506000,NANO,2012-06-30
721571,USD,2012,Q3,2012-11-07,2013-11-07,23310000.0,23760000.0,43938000.0,-21786000.0,22152000.0,-18538000.0,-11169000.0,-7176000.0,-193000.0,3614000.0,-355000.0,-234000.0,3259000,0.0,3259000,-1356000.0,1903000,,1903000,1903000,NANO,2012-09-30
721571,USD,2012,Q4,2013-03-12,2015-02-25,23378000.0,23762000.0,30270000.0,-18319000.0,11951000.0,-18489000.0,-11004000.0,-7289000.0,-196000.0,-6538000.0,168000.0,-225000.0,-6370000,0.0,-6370000,2723000.0,-3647000,,-3647000,-3647000,NANO,2012-12-31
721571,USD,2013,Q1,2013-05-07,2014-05-06,23341000.0,23341000.0,24552000.0,-14066000.0,10486000.0,-20089000.0,-12444000.0,-7447000.0,-198000.0,-9603000.0,-161000.0,-201000.0,-9764000,,-9764000,4182000.0,-5582000,,-5582000,-5582000,NANO,2013-03-31
721571,USD,2013,Q2,2013-08-02,2014-08-01,23138000.0,23138000.0,34552000.0,-20072000.0,14480000.0,-20636000.0,-12120000.0,-8321000.0,-195000.0,-6156000.0,-822000.0,-185000.0,-6978000,,-6978000,2412000.0,-4566000,,-4566000,-4566000,NANO,2013-06-30
721571,USD,2013,Q3,2013-11-07,2014-10-31,23261000.0,23261000.0,39044000.0,-23243000.0,15801000.0,-21303000.0,-12182000.0,-8926000.0,-195000.0,-5502000.0,-445000.0,-111000.0,-5947000,-1740000.0,-7687000,3133000.0,-4554000,,-4554000,-4554000,NANO,2013-09-30
721571,USD,2013,Q4,2014-03-07,2016-02-24,23420000.0,23420000.0,46159000.0,-24250000.0,21909000.0,-20617000.0,-12484000.0,-8020000.0,-113000.0,1292000.0,-428000.0,-92000.0,864000,0.0,864000,-308000.0,556000,,556000,556000,NANO,2013-12-31
721571,USD,2014,Q1,2014-05-06,2015-04-29,23711000.0,24159000.0,51576000.0,-27427000.0,24149000.0,-22133000.0,-13711000.0,-8314000.0,-108000.0,2016000.0,166000.0,-86000.0,2182000,0.0,2182000,-587000.0,1595000,,1595000,1595000,NANO,2014-03-31
721571,USD,2014,Q2,2014-08-01,2015-07-24,23939000.0,24220000.0,48029000.0,-25121000.0,22908000.0,-22162000.0,-12682000.0,-9373000.0,-107000.0,746000.0,-170000.0,-86000.0,576000,0.0,576000,12000.0,588000,,588000,588000,NANO,2014-06-30
721571,USD,2014,Q3,2014-10-31,2015-10-30,24132000.0,24132000.0,27133000.0,-15717000.0,11416000.0,-20310000.0,-12170000.0,-8037000.0,-103000.0,-8894000.0,-134000.0,-77000.0,-9028000,-1715000.0,-10743000,-17919000.0,-28662000,,-28662000,-28662000,NANO,2014-09-30
721571,USD,2014,Q4,2015-02-25,2017-03-03,24050000.0,23321000.0,39705000.0,-22356000.0,17349000.0,-20604000.0,-12450000.0,-8052000.0,-102000.0,-3255000.0,170000.0,-93000.0,-3085000,-551000.0,-3636000,-1003000.0,-4639000,,-4639000,-4639000,NANO,2014-12-31
721571,USD,2015,Q1,2015-04-29,2016-04-29,23866000.0,24257000.0,50376000.0,-26997000.0,23379000.0,-21080000.0,-12883000.0,-8159000.0,-38000.0,2299000.0,632000.0,-72000.0,2931000,-58000.0,2873000,-317000.0,2556000,,2556000,2556000,NANO,2015-03-31
721571,USD,2015,Q2,2015-07-24,2016-07-28,24020000.0,24285000.0,48629000.0,-25365000.0,23264000.0,-20755000.0,-12573000.0,-8157000.0,-25000.0,2509000.0,-348000.0,-37000.0,2161000,,2161000,-817000.0,1344000,,1344000,1344000,NANO,2015-06-30
721571,USD,2015,Q3,2015-10-30,2016-10-28,24145000.0,24352000.0,45678000.0,-23459000.0,22219000.0,-20955000.0,-12350000.0,-8579000.0,-26000.0,1264000.0,267000.0,-79000.0,1531000,,1531000,-713000.0,818000,,818000,818000,NANO,2015-09-30
721571,USD,2015,Q4,2016-02-24,2018-02-26,24205000.0,24606000.0,42684000.0,-21879000.0,20805000.0,-20524000.0,-12693000.0,-7806000.0,-25000.0,281000.0,44000.0,-30000.0,325000,-1322000.0,-997000,-816000.0,-1813000,,-1813000,-1813000,NANO,2015-12-31
721571,USD,2016,Q1,2016-04-29,2017-05-03,24308000.0,24597000.0,47489000.0,-22998000.0,24491000.0,-20761000.0,-12669000.0,-8068000.0,-24000.0,3730000.0,117000.0,-108000.0,3847000,,3847000,-380000.0,3467000,,3467000,3467000,NANO,2016-03-31
721571,USD,2016,Q2,2016-07-28,2017-08-03,24524000.0,24927000.0,55767000.0,-27342000.0,28425000.0,-21089000.0,-13578000.0,-7511000.0,0.0,7336000.0,-449000.0,-55000.0,6887000,,6887000,-856000.0,6031000,,6031000,6031000,NANO,2016-06-30
721571,USD,2016,Q3,2016-10-28,2017-11-03,24826000.0,25282000.0,58714000.0,-28310000.0,30404000.0,-21338000.0,-13470000.0,-7868000.0,0.0,9066000.0,149000.0,-80000.0,9215000,,9215000,-1332000.0,7883000,,7883000,7883000,NANO,2016-09-30
721571,USD,2016,Q4,2017-03-03,2019-02-25,24962000.0,25806000.0,59159000.0,-28355000.0,30804000.0,-21841000.0,-13845000.0,-7996000.0,0.0,8963000.0,223000.0,-7000.0,9186000,,9186000,17468000.0,26654000,,26654000,26654000,NANO,2016-12-31
721571,USD,2017,Q1,2017-05-03,2018-05-03,25133000.0,25833000.0,59314000.0,-30867000.0,28447000.0,-22939000.0,-14245000.0,-8694000.0,,5508000.0,-42000.0,-39000.0,5466000,,5466000,-114000.0,5352000,,5352000,5352000,NANO,2017-03-31
721571,USD,2017,Q2,2017-08-03,2018-08-02,25307000.0,25906000.0,64427000.0,-30806000.0,33621000.0,-22969000.0,-13830000.0,-9139000.0,,10652000.0,258000.0,-16000.0,10910000,,10910000,-2622000.0,8288000,,8288000,8288000,NANO,2017-06-30
721571,USD,2017,Q3,2017-11-03,2018-10-31,25494000.0,25932000.0,56675000.0,-26015000.0,30660000.0,-23176000.0,-14351000.0,-8825000.0,,7484000.0,36000.0,-23000.0,7520000,,7520000,-1756000.0,5764000,,5764000,5764000,NANO,2017-09-30
721571,USD,2017,Q4,2018-02-26,2019-02-25,25402000.0,26005000.0,78205000.0,-34232000.0,43973000.0,-24811000.0,-14753000.0,-10058000.0,,19162000.0,240000.0,-6000.0,19402000,,19402000,-8604000.0,10798000,,10798000,10798000,NANO,2017-12-31
721571,USD,2018,Q1,2018-05-03,2019-05-01,24063000.0,24483000.0,82313000.0,-34782000.0,47531000.0,-26967000.0,-16765000.0,-10202000.0,,20564000.0,259000.0,-93000.0,20823000,,20823000,-4442000.0,16381000,,16381000,16381000,NANO,2018-03-31
721571,USD,2018,Q2,2018-08-02,2018-08-02,23953000.0,24442000.0,88604000.0,-37713000.0,50891000.0,-30107000.0,-17616000.0,-12491000.0,,20784000.0,-214000.0,-48000.0,20570000,,20570000,-2895000.0,17675000,,17675000,17675000,NANO,2018-06-30
721571,USD,2018,Q3,2018-10-31,2018-10-31,24059000.0,24466000.0,76590000.0,-32956000.0,43634000.0,-29363000.0,-16646000.0,-12717000.0,,14271000.0,218000.0,-104000.0,14489000,,14489000,-2921000.0,11568000,,11568000,11568000,NANO,2018-09-30
721571,USD,2018,Q4,2019-02-25,2021-02-19,24405000.0,25009000.0,26277000.0,-20054000.0,6223000.0,-10758000.0,-4681000.0,-4543000.0,-1534000.0,-4535000.0,1999000.0,2451000.0,-2536000,,-2536000,2008000.0,-528000,,-528000,-528000,NANO,2018-12-31
721571,USD,2019,Q1,2019-05-01,2019-05-01,24474000.0,24783000.0,67100000.0,-33312000.0,33788000.0,-30463000.0,-17187000.0,-12987000.0,-289000.0,3325000.0,179000.0,-91000.0,3504000,,3504000,-531000.0,2973000,,2973000,2973000,NANO,2019-03-31
721571,USD,2019,Q2,2019-07-31,2019-07-31,24525000.0,24843000.0,67620000.0,-32448000.0,35172000.0,-31423000.0,-16129000.0,-14098000.0,-289000.0,3749000.0,813000.0,-15000.0,4562000,,4562000,-632000.0,3930000,,3930000,3930000,NANO,2019-06-30
721571,USD,2019,Q3,2019-11-07,2019-11-07,24529000.0,24783000.0,73125000.0,-34449000.0,38676000.0,-32741000.0,-16249000.0,-13779000.0,-289000.0,5935000.0,219000.0,-38000.0,6154000,,6154000,-1943000.0,4211000,,4211000,4211000,NANO,2019-09-30
721571,USD,2019,Q4,2020-02-25,2020-02-25,45388000.0,45619000.0,98051000.0,-70659000.0,27392000.0,-45444000.0,-31703000.0,-7494000.0,-9578000.0,-18052000.0,3235000.0,3810000.0,-14817000,,-14817000,5613000.0,-9204000,,-9204000,-9204000,NANO,2019-12-31
721571,USD,2020,Q1,2020-05-05,2021-04-29,50121000.0,50121000.0,139928000.0,-77297000.0,62631000.0,-67877000.0,-33218000.0,-20927000.0,-13732000.0,-5246000.0,1242000.0,1210000.0,-4004000,,-4004000,-400000.0,-4404000,,-4404000,-4404000,NANO,2020-03-31
