SimFinId,Currency,Fiscal Year,Fiscal Period,Publish Date,Restated Date,Shares (Basic),Shares (Diluted),Revenue,Cost of Revenue,Gross Profit,Operating Expenses,"Selling, General & Administrative",Research & Development,Depreciation & Amortization,Operating Income (Loss),Non-Operating Income (Loss),"Interest Expense, Net","Pretax Income (Loss), Adj.",Abnormal Gains (Losses),Pretax Income (Loss),"Income Tax (Expense) Benefit, Net",Income (Loss) from Continuing Operations,Net Extraordinary Gains (Losses),Net Income,Net Income (Common),Ticker,Report_Date
257807,USD,2009,Q2,2009-08-07,2010-08-09,1394783000.0,1414295000.0,1572897000.0,-712453000.0,860444000.0,-719689000.0,-428291000.0,-291398000.0,,140755000.0,72010000.0,,212765000,-65002000.0,147763000,-68879000.0,143040000,,141387000,141387000,YHOO,2009-06-30
257807,USD,2009,Q3,2009-11-06,2010-11-08,1401961000.0,1424854000.0,1575399000.0,-708898000.0,866501000.0,-758313000.0,-451617000.0,-306696000.0,,108188000.0,105390000.0,,213578000,-16689000.0,196889000,-77727000.0,187816000,,186093000,186093000,YHOO,2009-09-30
257807,USD,2009,Q4,2010-09-30,2012-02-29,1402338000.0,1416973000.0,1731977000.0,-749658000.0,982319000.0,-823155000.0,-517124000.0,-306031000.0,,159164000.0,5168000.0,,164332000,-40409000.0,123923000,-36831000.0,155738000,,152954000,152954000,YHOO,2009-12-31
257807,USD,2010,Q1,2010-05-10,2011-05-10,1398308000.0,1413432000.0,1596960000.0,-706382000.0,890578000.0,-698145000.0,-432068000.0,-266077000.0,,192433000.0,86328000.0,,278761000,-4412000.0,274349000,-49444000.0,312279000,,310191000,310191000,YHOO,2010-03-31
257807,USD,2010,Q2,2010-08-09,2011-08-08,1378374000.0,1390240000.0,1601379000.0,-682722000.0,918657000.0,-733233000.0,-464681000.0,-268552000.0,,185424000.0,12588000.0,,198012000,-10052000.0,187960000,-68524000.0,216143000,,213321000,213321000,YHOO,2010-06-30
257807,USD,2010,Q3,2010-11-08,2011-11-07,1333753000.0,1343094000.0,1601203000.0,-680754000.0,920449000.0,-725536000.0,-455811000.0,-269725000.0,,194913000.0,191351000.0,,386264000,-5758000.0,380506000,-86413000.0,398259000,,396131000,396131000,YHOO,2010-09-30
257807,USD,2010,Q4,2011-09-16,2013-03-01,1306037000.0,1311682000.0,1525109000.0,-612216000.0,912893000.0,-655182000.0,-430820000.0,-224362000.0,,257711000.0,7602000.0,,265313000,-37735000.0,227578000,-17142000.0,317947000,,312020000,312020000,YHOO,2010-12-31
257807,USD,2011,Q1,2011-05-10,2012-05-09,1309064000.0,1320185000.0,1214357000.0,-399657000.0,814700000.0,-614380000.0,-393097000.0,-221283000.0,,200320000.0,5027000.0,,205347000,-10575000.0,194772000,-52120000.0,224832000,,222992000,222992000,YHOO,2011-03-31
257807,USD,2011,Q2,2011-09-01,2012-08-09,1299947000.0,1308359000.0,1229024000.0,-384284000.0,844740000.0,-653608000.0,-420563000.0,-233045000.0,,191132000.0,-5666000.0,,185466000,-237000.0,185229000,-55629000.0,238502000,,236972000,236972000,YHOO,2011-06-30
257807,USD,2011,Q3,2011-11-07,2012-11-08,1253044000.0,1259576000.0,1216665000.0,-383993000.0,832672000.0,-658139000.0,-428909000.0,-229230000.0,,174533000.0,18046000.0,,192579000,2721000.0,195300000,-55731000.0,298344000,,293291000,293291000,YHOO,2011-09-30
257807,USD,2011,Q4,2012-09-27,2014-02-28,1234905000.0,1241008000.0,1324153000.0,-419063000.0,905090000.0,-646314000.0,-410504000.0,-235810000.0,,258776000.0,9768000.0,,268544000,-16329000.0,252215000,-78287000.0,300991000,,295572000,295572000,YHOO,2011-12-31
257807,USD,2012,Q1,2012-05-09,2013-05-07,1215783000.0,1226486000.0,1221233000.0,-398071000.0,823162000.0,-648069000.0,-419591000.0,-228478000.0,,175093000.0,2278000.0,,177371000,-5717000.0,171654000,-56419000.0,287478000,,286343000,286343000,YHOO,2012-03-31
257807,USD,2012,Q2,2012-08-09,2013-08-08,1213320000.0,1221719000.0,1217794000.0,-415478000.0,802316000.0,-618411000.0,-418783000.0,-199628000.0,,183905000.0,20175000.0,,204080000,-129092000.0,74988000,-26523000.0,228456000,,226631000,226631000,YHOO,2012-06-30
257807,USD,2012,Q3,2012-11-08,2013-11-12,1186046000.0,1195085000.0,1201732000.0,-394910000.0,806822000.0,-629906000.0,-412605000.0,-217301000.0,,176916000.0,4607656000.0,,4784572000,-24727000.0,4759845000,-1774094000.0,3161016000,,3160238000,3160238000,YHOO,2012-09-30
257807,USD,2012,Q4,2013-09-17,2015-02-27,1155951000.0,1168334000.0,1345807000.0,-412107000.0,933700000.0,-667076000.0,-426659000.0,-240417000.0,,266624000.0,17730000.0,,284354000,-76634000.0,207720000,-83007000.0,273652000,,272267000,272267000,YHOO,2012-12-31
257807,USD,2013,Q1,2013-05-07,2014-05-08,1094170000.0,1108095000.0,1140368000.0,-344075000.0,796293000.0,-617385000.0,-397805000.0,-219580000.0,,178908000.0,17072000.0,,195980000,7062000.0,203042000,-29736000.0,390894000,,390285000,390285000,YHOO,2013-03-31
257807,USD,2013,Q2,2013-08-08,2014-08-07,1079389000.0,1094694000.0,1135244000.0,-335578000.0,799666000.0,-669059000.0,-422861000.0,-246198000.0,,130607000.0,23606000.0,,154213000,6372000.0,160585000,-50267000.0,335008000,,331150000,331150000,YHOO,2013-06-30
257807,USD,2013,Q3,2013-11-12,2014-11-07,1024289000.0,1041698000.0,1138973000.0,-330227000.0,808746000.0,-716563000.0,-449119000.0,-267444000.0,,92183000.0,5370000.0,,97553000,576000.0,98129000,-31891000.0,298994000,,296656000,296656000,YHOO,2013-09-30
257807,USD,2013,Q4,2014-09-26,2016-02-29,1012972000.0,1038757000.0,1265795000.0,-339500000.0,926295000.0,-750696000.0,-526331000.0,-224365000.0,,175599000.0,-2691000.0,,172908000,-1381000.0,171527000,-41498000.0,351670000,,348190000,348190000,YHOO,2013-12-31
257807,USD,2014,Q1,2014-05-08,2015-05-07,1009890000.0,1031420000.0,1132730000.0,-339512000.0,793218000.0,-753552000.0,-485288000.0,-268264000.0,,39666000.0,-13453000.0,,26213000,-9487000.0,16726000,-4217000.0,313911000,,311578000,311578000,YHOO,2014-03-31
257807,USD,2014,Q2,2014-08-07,2015-08-07,999765000.0,1014692000.0,1084191000.0,-339612000.0,744579000.0,-715021000.0,-423243000.0,-291778000.0,,29558000.0,-13589000.0,,15969000,8879000.0,24848000,-8143000.0,272557000,,269707000,269707000,YHOO,2014-06-30
257807,USD,2014,Q3,2014-11-07,2015-11-05,993543000.0,1007693000.0,1148140000.0,-346827000.0,801313000.0,-751971000.0,-459914000.0,-292057000.0,,49342000.0,10308931000.0,,10358273000,-7170000.0,10351103000,-3973402000.0,6776393000,,6774102000,6774102000,YHOO,2014-09-30
257807,USD,2014,Q4,2015-09-29,2017-03-01,948078000.0,962627000.0,1253072000.0,-361424000.0,891648000.0,-773302000.0,-469015000.0,-304287000.0,,118346000.0,87550000.0,,205896000,-86192000.0,119704000,-52340000.0,169281000,,166344000,166344000,YHOO,2014-12-31
257807,USD,2015,Q1,2015-05-07,2016-05-10,934748000.0,947976000.0,1225970000.0,-468402000.0,757568000.0,-795690000.0,-468943000.0,-326747000.0,,-38122000.0,-31063000.0,,-69185000,-49232000.0,-118417000,40900000.0,22173000,,21198000,21198000,YHOO,2015-03-31
257807,USD,2015,Q2,2015-08-07,2016-08-08,937569000.0,937569000.0,1243265000.0,-496162000.0,747103000.0,-781309000.0,-474881000.0,-306428000.0,,-34206000.0,-11741000.0,,-45947000,-10588000.0,-56535000,-58495000.0,-19189000,,-21554000,-21554000,YHOO,2015-06-30
257807,USD,2015,Q3,2015-11-05,2016-11-09,940822000.0,946934000.0,1225673000.0,-526075000.0,699598000.0,-718199000.0,-445914000.0,-272285000.0,,-18601000.0,-23955000.0,,-42556000,-67711000.0,-110267000,93208000.0,78136000,,76261000,76261000,YHOO,2015-09-30
257807,USD,2015,Q4,2016-09-19,2017-03-01,943425000.0,924085000.0,1273393000.0,-587109000.0,686284000.0,-730289000.0,-457826000.0,-272463000.0,,-44005000.0,-9023000.0,,-53028000,-4486029000.0,-4539057000,13985000.0,-4432227000,,-4434987000,-4434987000,YHOO,2015-12-31
257807,USD,2016,Q1,2016-05-10,2017-05-09,945719000.0,945719000.0,1087152000.0,-510350000.0,576802000.0,-688286000.0,-410257000.0,-278029000.0,,-111484000.0,-47416000.0,,-158900000,-55730000.0,-214630000,34766000.0,-98290000,,-99232000,-99232000,YHOO,2016-03-31
257807,USD,2016,Q2,2016-08-08,2016-08-08,948432000.0,948432000.0,1307637000.0,-734969000.0,572668000.0,-680783000.0,-400748000.0,-280035000.0,,-108115000.0,15062000.0,,-93053000,-381561000.0,-474614000,-15543000.0,-438380000,,-439913000,-439913000,YHOO,2016-06-30
257807,USD,2016,Q3,2016-11-09,2016-11-09,951421000.0,957304000.0,1305206000.0,-702958000.0,602248000.0,-644605000.0,-400961000.0,-243644000.0,,-42357000.0,-6122000.0,,-48479000,-9962000.0,-58441000,105513000.0,163300000,,162826000,162826000,YHOO,2016-09-30
257807,USD,2016,Q4,2017-04-28,2017-04-28,953800000.0,947917000.0,1469140000.0,-770617000.0,698523000.0,-632319000.0,-378565000.0,-253754000.0,,66204000.0,-15440000.0,,50764000,-2053000.0,48711000,1492000.0,163907000,,161998000,161998000,YHOO,2016-12-31
