SimFinId,Currency,Fiscal Year,Fiscal Period,Publish Date,Restated Date,Shares (Basic),Shares (Diluted),Revenue,Cost of Revenue,Gross Profit,Operating Expenses,"Selling, General & Administrative",Research & Development,Depreciation & Amortization,Operating Income (Loss),Non-Operating Income (Loss),"Interest Expense, Net","Pretax Income (Loss), Adj.",Abnormal Gains (Losses),Pretax Income (Loss),"Income Tax (Expense) Benefit, Net",Income (Loss) from Continuing Operations,Net Extraordinary Gains (Losses),Net Income,Net Income (Common),Ticker,Report_Date
55609,USD,2011,Q4,2011-10-31,2013-11-14,4222688.0,4222688.0,44193647.0,-25851961.0,18341686.0,-15367239.0,-14894886.0,,-472353.0,2974447.0,14970.0,-109977.0,2989417,0.0,2989417,-1118004.0,1871413,,1914292,1914292,EEI,2011-07-31
55609,USD,2012,Q1,2012-01-04,2013-01-04,4203445.0,4203445.0,42311806.0,-24689843.0,17621963.0,-15582371.0,-15141534.0,,-440837.0,2039592.0,43992.0,-68618.0,2083584,,2083584,-678317.0,1405267,,1159777,1159777,EEI,2011-10-31
55609,USD,2012,Q2,2012-03-21,2013-03-18,4242108.0,4242108.0,40173399.0,-22357027.0,17816372.0,-15949002.0,-15513800.0,,-435202.0,1867370.0,-182428.0,-63492.0,1684942,,1684942,-381867.0,1303075,,503504,503504,EEI,2012-01-31
55609,USD,2012,Q3,2012-06-20,2013-06-21,4245059.0,4245059.0,36011087.0,-19531382.0,16479705.0,-15905582.0,-15279014.0,,-626568.0,574123.0,-70779.0,-45783.0,503344,0.0,503344,277775.0,781119,,55941,55941,EEI,2012-04-30
55609,USD,2012,Q4,2013-03-12,2014-10-29,4244920.0,4244920.0,36913807.0,-21369208.0,15544599.0,-15241850.0,-14584395.0,,-657455.0,302749.0,-176953.0,-11669.0,125796,0.0,125796,-575507.0,-449711,,-945643,-945643,EEI,2012-07-31
55609,USD,2013,Q1,2013-01-04,2013-12-16,4244010.0,4244010.0,36821768.0,-20323358.0,16498410.0,-15523957.0,-14940669.0,,-583288.0,974453.0,-76742.0,-25330.0,897711,,897711,-354615.0,543096,,242527,242527,EEI,2012-10-31
55609,USD,2013,Q2,2013-03-18,2014-03-17,4246371.0,4246371.0,36151483.0,-17751660.0,18399823.0,-15044477.0,-14443998.0,,-600479.0,3355346.0,-98615.0,-48664.0,3256731,,3256731,-1325589.0,1931142,,1911086,1911086,EEI,2013-01-31
55609,USD,2013,Q3,2013-06-21,2014-06-23,4251200.0,4251200.0,32218923.0,-17537511.0,14681412.0,-14725849.0,-14103641.0,,-622208.0,-44437.0,-44927.0,13099.0,-89364,63422.0,-25942,-80732.0,-106674,,-440593,-440593,EEI,2013-04-30
55609,USD,2013,Q4,2013-11-22,2015-10-29,4249703.0,4249703.0,29744717.0,-19183519.0,10561198.0,-15744611.0,-15121742.0,,-622869.0,-5183413.0,70106.0,1683.0,-5113307,16993.0,-5096314,1506702.0,-3589612,,-3843454,-3843454,EEI,2013-07-31
55609,USD,2014,Q1,2013-12-16,2014-12-16,4261674.0,4261674.0,34749291.0,-18414993.0,16334298.0,-15381812.0,-14327858.0,,-1053954.0,952486.0,103306.0,-6299.0,1055792,0.0,1055792,-540678.0,515114,,380391,380391,EEI,2013-10-31
55609,USD,2014,Q2,2014-03-17,2015-03-17,4290193.0,4290193.0,29077272.0,-16146697.0,12930575.0,-14261498.0,-13212960.0,,-1048538.0,-1330923.0,40372.0,-2173.0,-1290551,0.0,-1290551,646844.0,-643707,,-784648,-784648,EEI,2014-01-31
55609,USD,2014,Q3,2014-06-23,2015-06-16,4289900.0,4289900.0,31503899.0,-16716239.0,14787660.0,-14689094.0,-13653084.0,,-1036010.0,98566.0,-47530.0,7026.0,51036,0.0,51036,-57624.0,-6588,,-322864,-322864,EEI,2014-04-30
55609,USD,2014,Q4,2014-10-29,2016-11-15,4294169.0,4294169.0,33096538.0,-19000071.0,14096467.0,-14323596.0,-13286098.0,,-1037498.0,-227129.0,-49148.0,5446.0,-276277,13000.0,-263277,-391542.0,-654819,,-655879,-655879,EEI,2014-07-31
55609,USD,2015,Q1,2014-12-16,2015-12-15,4288371.0,4288371.0,33190651.0,-18292768.0,14897883.0,-13144365.0,-12781636.0,,-362729.0,1753518.0,67761.0,4798.0,1821279,140385.0,1961664,-825543.0,1136121,,847160,847160,EEI,2014-10-31
55609,USD,2015,Q2,2015-03-17,2016-03-15,4288371.0,4288371.0,28220642.0,-16238665.0,11981977.0,-11924761.0,-11523128.0,,-401633.0,57216.0,116627.0,-25064.0,173843,11700.0,185543,-113462.0,72081,,-152331,-152331,EEI,2015-01-31
55609,USD,2015,Q3,2015-06-16,2016-06-14,4287460.0,4287460.0,30395736.0,-16344545.0,14051191.0,-10919771.0,-10558807.0,,-360964.0,3131420.0,27246.0,-19866.0,3158666,24539.0,3183205,-1280081.0,1903124,,1794176,1794176,EEI,2015-04-30
55609,USD,2015,Q4,2015-10-29,2017-11-14,4286898.0,4286898.0,35127971.0,-19951022.0,15176949.0,-12515103.0,-12173429.0,,-341674.0,2661846.0,153366.0,9132.0,2815212,-176624.0,2638588,-1549914.0,1088674,,906995,906995,EEI,2015-07-31
55609,USD,2016,Q1,2015-12-15,2016-12-13,4288404.0,4288404.0,30062000.0,-16279000.0,13783000.0,-11216000.0,-10920000.0,,-296000.0,2567000.0,53000.0,-13000.0,2620000,0.0,2620000,-2037000.0,583000,,664000,664000,EEI,2015-10-31
55609,USD,2016,Q2,2016-03-15,2017-03-14,4291212.0,4291212.0,24643000.0,-13827000.0,10816000.0,-11272000.0,-10986000.0,,-286000.0,-456000.0,93000.0,-9000.0,-363000,3000.0,-360000,-247000.0,-607000,,-481000,-481000,EEI,2016-01-31
55609,USD,2016,Q3,2016-06-14,2017-06-13,4290720.0,4290720.0,25218000.0,-13167000.0,12051000.0,-11480000.0,-11190000.0,,-290000.0,571000.0,-142000.0,-27000.0,429000,359000.0,788000,-653000.0,135000,,175000,175000,EEI,2016-04-30
55609,USD,2016,Q4,2016-11-15,2019-05-31,4289636.0,4289636.0,18325000.0,-10269000.0,8056000.0,-8044000.0,-7874000.0,,-170000.0,12000.0,244000.0,-6000.0,256000,-4000.0,252000,-209000.0,43000,,383000,383000,EEI,2016-07-31
55609,USD,2017,Q1,2016-12-13,2017-12-12,4292733.0,4292733.0,25315000.0,-13421000.0,11894000.0,-10481000.0,-10247000.0,,-234000.0,1413000.0,6000.0,2000.0,1419000,,1419000,-569000.0,850000,,888000,888000,EEI,2016-10-31
55609,USD,2017,Q2,2017-03-14,2018-03-13,4294102.0,4294102.0,24726000.0,-14377000.0,10349000.0,-10104000.0,-9822000.0,,-282000.0,245000.0,-80000.0,-14000.0,165000,,165000,-504000.0,-339000,,-318000,-318000,EEI,2017-01-31
55609,USD,2017,Q3,2017-06-13,2018-06-12,4294102.0,4294102.0,24052000.0,-12604000.0,11448000.0,-10318000.0,-10053000.0,,-265000.0,1130000.0,-70000.0,9000.0,1060000,-550000.0,510000,-246000.0,264000,,252000,252000,EEI,2017-04-30
55609,USD,2017,Q4,2017-11-14,2019-05-31,4297067.0,4297067.0,21990000.0,-11752000.0,10238000.0,-8230000.0,-8017000.0,,-213000.0,2008000.0,401000.0,32000.0,2409000,175000.0,2584000,-848000.0,1736000,,2001000,2001000,EEI,2017-07-31
55609,USD,2018,Q1,2017-12-12,2019-05-31,4301604.0,4301604.0,26105000.0,-14967000.0,11138000.0,-10042000.0,-9782000.0,,-260000.0,1096000.0,25000.0,2000.0,1121000,,1121000,-433000.0,688000,,588000,588000,EEI,2017-10-31
55609,USD,2018,Q2,2018-03-13,2019-05-31,4301604.0,4301604.0,21289000.0,-12395000.0,8894000.0,-9742000.0,-9483000.0,,-259000.0,-848000.0,204000.0,-4000.0,-644000,,-644000,116000.0,-528000,,-519000,-519000,EEI,2018-01-31
55609,USD,2018,Q3,2018-06-12,2018-06-12,4301604.0,4301604.0,23728000.0,-12378000.0,11350000.0,-10991000.0,-10700000.0,,-291000.0,359000.0,91000.0,52000.0,450000,0.0,450000,-43000.0,407000,,164000,164000,EEI,2018-04-30
55609,USD,2018,Q4,2018-11-28,2019-05-31,4313484.0,4313484.0,19562000.0,-11306000.0,8256000.0,-9565000.0,-9292000.0,,-273000.0,-1309000.0,536000.0,64000.0,-773000,0.0,-773000,102000.0,-671000,,-541000,-541000,EEI,2018-07-31
55609,USD,2019,Q1,2019-02-28,2019-05-31,4313930.0,4313930.0,21752000.0,-12708000.0,9044000.0,-9477000.0,-9200000.0,,-277000.0,-433000.0,163000.0,54000.0,-270000,,-270000,155000.0,-115000,,-120000,-120000,EEI,2018-10-31
55609,USD,2019,Q2,2019-05-31,2019-05-31,4315135.0,4315135.0,20252000.0,-11393000.0,8859000.0,-9716000.0,-9452000.0,,-264000.0,-857000.0,182000.0,45000.0,-675000,,-675000,365000.0,-310000,,-309000,-309000,EEI,2019-01-31
55609,USD,2019,Q3,2019-06-17,2019-06-17,4315135.0,4315135.0,21775000.0,-11802000.0,9973000.0,-10747000.0,-10504000.0,,-243000.0,-774000.0,47000.0,32000.0,-727000,,-727000,-227000.0,-954000,,-1030000,-1030000,EEI,2019-04-30
55609,USD,2019,Q4,2019-10-29,2019-10-29,4321064.0,4321064.0,24731000.0,-14184000.0,10547000.0,-9902000.0,-9664000.0,,-238000.0,645000.0,253000.0,106000.0,898000,0.0,898000,371000.0,1269000,,905000,905000,EEI,2019-07-31
