SimFinId,Currency,Fiscal Year,Fiscal Period,Publish Date,Restated Date,Shares (Basic),Shares (Diluted),Revenue,Cost of Revenue,Gross Profit,Operating Expenses,"Selling, General & Administrative",Research & Development,Depreciation & Amortization,Operating Income (Loss),Non-Operating Income (Loss),"Interest Expense, Net","Pretax Income (Loss), Adj.",Abnormal Gains (Losses),Pretax Income (Loss),"Income Tax (Expense) Benefit, Net",Income (Loss) from Continuing Operations,Net Extraordinary Gains (Losses),Net Income,Net Income (Common),Ticker,Report_Date
148978,USD,2015,Q2,2015-08-12,2016-08-11,26215000.0,26215000.0,72690000.0,-61691000.0,10999000.0,-57196000.0,-53653000.0,-2492000.0,-1051000.0,-46197000.0,-9452000.0,-8433000.0,-55649000,-431000.0,-56080000,6215000.0,-49865000,,7540000,15080000,RUN,2015-06-30
148978,USD,2015,Q3,2015-11-13,2016-11-10,67732000.0,67732000.0,82600000.0,-75191000.0,7409000.0,-70159000.0,-66868000.0,-2240000.0,-1051000.0,-62750000.0,-8562000.0,-8475000.0,-71312000,,-71312000,-903000.0,-72215000,,-2768000,-27658000,RUN,2015-09-30
148978,USD,2015,Q4,2016-02-12,2017-03-08,101990000.0,101990000.0,99639000.0,-96946000.0,2693000.0,-67855000.0,-64166000.0,-2638000.0,-1051000.0,-65162000.0,-9131000.0,-9198000.0,-74293000,0.0,-74293000,-13000.0,-74306000,,-15023000,-22563000,RUN,2015-12-31
148978,USD,2016,Q1,2016-05-13,2017-05-10,101273000.0,104219000.0,98743000.0,-95612000.0,3131000.0,-69951000.0,-66436000.0,-2463000.0,-1052000.0,-66820000.0,-10983000.0,-11515000.0,-77803000,,-77803000,,-77803000,,13134000,13134000,RUN,2016-03-31
148978,USD,2016,Q2,2016-08-11,2017-08-07,101969000.0,104768000.0,122538000.0,-100208000.0,22330000.0,-70754000.0,-67330000.0,-2373000.0,-1051000.0,-48424000.0,-13093000.0,-13063000.0,-61517000,,-61517000,-3210000.0,-64727000,,32643000,32643000,RUN,2016-06-30
148978,USD,2016,Q3,2016-11-10,2017-11-08,102707000.0,105092000.0,112033000.0,-98034000.0,13999000.0,-65032000.0,-61523000.0,-2458000.0,-1051000.0,-51033000.0,-13999000.0,-13957000.0,-65032000,,-65032000,-9936000.0,-74968000,,16878000,16878000,RUN,2016-09-30
148978,USD,2016,Q4,2017-03-08,2017-03-08,103519000.0,105777000.0,120584000.0,-105385000.0,15199000.0,-63826000.0,-59869000.0,-2905000.0,-1052000.0,-48627000.0,-14329000.0,-14709000.0,-62956000,,-62956000,-22847000.0,-85803000,,29032000,29032000,RUN,2016-12-31
148978,USD,2017,Q1,2017-05-10,2017-05-10,104038000.0,106469000.0,104117000.0,-93767000.0,10350000.0,-60344000.0,-56297000.0,-2996000.0,-1051000.0,-49994000.0,-15752000.0,-15277000.0,-65746000,,-65746000,-7338000.0,-73084000,,12727000,12727000,RUN,2017-03-31
148978,USD,2017,Q2,2017-09-28,2017-09-28,105093000.0,107347000.0,137848000.0,-108052000.0,29796000.0,-62775000.0,-58014000.0,-3710000.0,-1051000.0,-32979000.0,-16810000.0,-16602000.0,-49789000,,-49789000,-15453000.0,-65242000,,25122000,25122000,RUN,2017-06-30
148978,USD,2017,Q3,2017-11-08,2017-11-08,105783000.0,109598000.0,141291000.0,-118820000.0,22471000.0,-70211000.0,-65223000.0,-3936000.0,-1052000.0,-47740000.0,-17613000.0,-17707000.0,-65353000,,-65353000,-14834000.0,-80187000,,27782000,27782000,RUN,2017-09-30
148978,USD,2017,Q4,2018-03-06,2018-03-06,106814000.0,109410000.0,146443000.0,-127446000.0,18997000.0,-70488000.0,-65001000.0,-4437000.0,-1050000.0,-51491000.0,-22217000.0,-20932000.0,-73708000,,-73708000,5487000.0,-68221000,,58894000,58894000,RUN,2017-12-31
148978,USD,2018,Q1,2018-05-09,2018-05-09,107449000.0,110781000.0,144363000.0,-119155000.0,25208000.0,-81919000.0,-76972000.0,-3896000.0,-1051000.0,-56711000.0,-26506000.0,-28198000.0,-83217000,,-83217000,-8203000.0,-91420000,,28032000,28032000,RUN,2018-03-31
148978,USD,2018,Q2,2018-08-09,2018-08-09,109559000.0,117067000.0,170538000.0,-122037000.0,48501000.0,-83470000.0,-77367000.0,-5052000.0,-1051000.0,-34969000.0,-32380000.0,-31872000.0,-67349000,,-67349000,-4378000.0,-71727000,,7409000,7409000,RUN,2018-06-30
148978,USD,2018,Q3,2018-11-07,2018-11-07,111134000.0,120396000.0,204960000.0,-139374000.0,65586000.0,-89133000.0,-83478000.0,-4604000.0,-1051000.0,-23547000.0,-29965000.0,-34482000.0,-53512000,,-53512000,5988000.0,-47524000,,-2896000,-2896000,RUN,2018-09-30
148978,USD,2018,Q4,2019-03-05,2019-03-05,112214000.0,120204000.0,240120000.0,-154357000.0,85763000.0,-92417000.0,-86074000.0,-5292000.0,-1051000.0,-6654000.0,-40132000.0,-37219000.0,-46786000,,-46786000,-2729000.0,-49515000,,-5888000,-5888000,RUN,2018-12-31
148978,USD,2019,Q1,2019-05-08,2019-05-08,113912000.0,113912000.0,194504000.0,-147292000.0,47212000.0,-91383000.0,-85016000.0,-5474000.0,-893000.0,-44171000.0,-46096000.0,-41340000.0,-90267000,,-90267000,3361000.0,-86906000,,-13862000,-13862000,RUN,2019-03-31
148978,USD,2019,Q2,2019-08-07,2019-08-07,115765000.0,115765000.0,204595000.0,-156942000.0,47653000.0,-110451000.0,-103082000.0,-6555000.0,-814000.0,-62798000.0,-43697000.0,-42309000.0,-106495000,,-106495000,1910000.0,-104585000,,-1293000,-1293000,RUN,2019-06-30
148978,USD,2019,Q3,2019-11-12,2019-11-12,117652000.0,125151000.0,215542000.0,-159390000.0,56152000.0,-116496000.0,-108537000.0,-6435000.0,-1524000.0,-60344000.0,-47021000.0,-43911000.0,-107365000,,-107365000,-5169000.0,-112534000,,28990000,28990000,RUN,2019-09-30
148978,USD,2019,Q4,2020-02-27,2020-02-27,118259000.0,140676000.0,243937000.0,-182205000.0,61732000.0,-110159000.0,-103536000.0,-5099000.0,-1524000.0,-48427000.0,-46686000.0,-46686000.0,-95113000,,-95113000,8116000.0,-86997000,,12500000,12500000,RUN,2019-12-31
148978,USD,2020,Q1,2020-05-06,2021-05-05,119220000.0,119220000.0,210731000.0,-169875000.0,40856000.0,-103873000.0,-98344000.0,-4046000.0,-1483000.0,-63017000.0,-49874000.0,-49924000.0,-112891000,,-112891000,3342000.0,-109549000,,-27959000,-27959000,RUN,2020-03-31
