SimFinId,Currency,Fiscal Year,Fiscal Period,Publish Date,Restated Date,Shares (Basic),Shares (Diluted),Revenue,Cost of Revenue,Gross Profit,Operating Expenses,"Selling, General & Administrative",Research & Development,Depreciation & Amortization,Operating Income (Loss),Non-Operating Income (Loss),"Interest Expense, Net","Pretax Income (Loss), Adj.",Abnormal Gains (Losses),Pretax Income (Loss),"Income Tax (Expense) Benefit, Net",Income (Loss) from Continuing Operations,Net Extraordinary Gains (Losses),Net Income,Net Income (Common),Ticker,Report_Date
47513,USD,2012,Q2,2012-09-07,2013-04-19,68900000.0,71706000.0,97952000.0,-85697000.0,12255000.0,-7017000.0,-4930000.0,,-2087000.0,5238000.0,-260000.0,-358000.0,4978000,5897000.0,10875000,-2036000.0,8839000,,8839000,8839000,KKD,2012-07-31
47513,USD,2012,Q3,2012-12-07,2013-04-19,69384000.0,71547000.0,98708000.0,-85874000.0,12834000.0,-7149000.0,-4941000.0,,-2208000.0,5685000.0,-338000.0,-355000.0,5347000,-135000.0,5212000,-495000.0,4717000,,4717000,4717000,KKD,2012-10-31
47513,USD,2012,Q4,2013-04-19,2014-04-03,69541000.0,71566000.0,101957000.0,-87880000.0,14077000.0,-8675000.0,-6673000.0,,-2002000.0,5402000.0,-454000.0,-355000.0,4948000,-113000.0,4835000,138707000.0,143542000,,143542000,143542000,KKD,2013-01-31
47513,USD,2013,Q1,2013-06-14,2014-04-03,69562000.0,71888000.0,108496000.0,-88691000.0,19805000.0,-8940000.0,-6458000.0,,-2482000.0,10865000.0,-343000.0,-371000.0,10522000,-31000.0,10491000,-4465000.0,6026000,,6026000,6026000,KKD,2013-04-30
47513,USD,2013,Q2,2013-09-13,2014-04-03,67461000.0,69432000.0,102115000.0,-85657000.0,16458000.0,-7169000.0,-4770000.0,,-2399000.0,9289000.0,-333000.0,-359000.0,8956000,-55000.0,8901000,-3972000.0,4929000,,4929000,4929000,KKD,2013-07-31
47513,USD,2013,Q3,2013-12-13,2014-04-03,66668000.0,68803000.0,107087000.0,-90220000.0,16867000.0,-7440000.0,-5083000.0,,-2357000.0,9427000.0,-337000.0,-370000.0,9090000,-216000.0,8874000,-3830000.0,5044000,,5044000,5044000,KKD,2013-10-31
47513,USD,2013,Q4,2014-04-03,2015-04-02,66805000.0,69461000.0,118145000.0,-98260000.0,19885000.0,-11431000.0,-8778000.0,,-2653000.0,8454000.0,-400000.0,-428000.0,8054000,-4000.0,8050000,-3270000.0,4780000,,4780000,4780000,KKD,2014-01-31
47513,USD,2014,Q1,2014-06-13,2015-04-02,67012000.0,70578000.0,120625000.0,-96558000.0,24067000.0,-8875000.0,-6055000.0,,-2820000.0,15192000.0,-434000.0,-376000.0,14758000,-8000.0,14750000,-6751000.0,7999000,,7999000,7999000,KKD,2014-04-30
47513,USD,2014,Q2,2014-09-12,2015-04-02,67267000.0,71089000.0,112729000.0,-93806000.0,18923000.0,-8319000.0,-5655000.0,,-2664000.0,10604000.0,-345000.0,-284000.0,10259000,-971000.0,9288000,-4571000.0,4717000,,4717000,4717000,KKD,2014-07-31
47513,USD,2014,Q3,2014-12-12,2015-04-02,67543000.0,71506000.0,114231000.0,-92466000.0,21765000.0,-8518000.0,-5730000.0,,-2788000.0,13247000.0,178000.0,210000.0,13425000,-1531000.0,11894000,-5114000.0,6780000,,6780000,6780000,KKD,2014-10-31
47513,USD,2014,Q4,2015-04-02,2016-03-31,67222000.0,71043000.0,112746000.0,-93823000.0,18923000.0,-10543000.0,-7709000.0,,-2834000.0,8380000.0,58000.0,9000.0,8438000,690000.0,9128000,5632000.0,14760000,,14760000,14760000,KKD,2015-01-31
47513,USD,2015,Q1,2015-06-12,2016-03-31,66522000.0,69746000.0,121580000.0,-96390000.0,25190000.0,-10220000.0,-7047000.0,,-3173000.0,14970000.0,139000.0,28000.0,15109000,1210000.0,16319000,-6663000.0,9656000,,9656000,9656000,KKD,2015-04-30
47513,USD,2015,Q2,2015-09-11,2016-03-31,66008000.0,68725000.0,120516000.0,-99067000.0,21449000.0,-9770000.0,-6737000.0,,-3033000.0,11679000.0,-7000.0,-98000.0,11672000,-2055000.0,9617000,-3865000.0,5752000,,5752000,5752000,KKD,2015-07-31
47513,USD,2015,Q3,2015-12-11,2016-03-31,66407000.0,68654000.0,122871000.0,-101067000.0,21804000.0,-8833000.0,-5553000.0,,-3280000.0,12971000.0,-130000.0,-168000.0,12841000,-102000.0,12739000,-4633000.0,8106000,,8106000,8106000,KKD,2015-10-31
47513,USD,2015,Q4,2016-03-31,2016-03-31,66503000.0,68591000.0,125367000.0,-99420000.0,25947000.0,-12575000.0,-9221000.0,,-3354000.0,13372000.0,-23000.0,-212000.0,13349000,-3808000.0,9541000,-2995000.0,6546000,,6546000,6546000,KKD,2016-01-31
47513,USD,2016,Q1,2016-06-10,2016-06-10,66603000.0,68573000.0,132474000.0,-103772000.0,28702000.0,-11547000.0,-7554000.0,,-3993000.0,17155000.0,-46000.0,-230000.0,17109000,120000.0,17229000,-6563000.0,10666000,,10666000,10666000,KKD,2016-04-30
47513,USD,2016,Q2,2016-09-10,2016-09-10,65502000.0,67369000.0,127336000.0,-104145000.0,23191000.0,-10792000.0,-6718000.0,,-4074000.0,12399000.0,-226000.0,-315000.0,12173000,-1660000.0,10513000,-4595000.0,5918000,,5918000,5918000,KKD,2016-07-31
47513,USD,2016,Q3,2016-12-11,2016-12-11,64373000.0,65951000.0,128544000.0,-102924000.0,25620000.0,-10852000.0,-6796000.0,,-4056000.0,14768000.0,-229000.0,-369000.0,14539000,-1407000.0,13132000,-5564000.0,7568000,,7568000,7568000,KKD,2016-10-31
47513,USD,2016,Q4,2017-03-13,2017-03-13,64406000.0,65735000.0,130360000.0,-103640000.0,26720000.0,-10654000.0,-6578000.0,,-4076000.0,16066000.0,237000.0,-358000.0,16303000,-5343000.0,10960000,-2714000.0,8246000,,8246000,8246000,KKD,2017-01-31
