SimFinId,Currency,Fiscal Year,Fiscal Period,Publish Date,Restated Date,Shares (Basic),Shares (Diluted),Revenue,Cost of Revenue,Gross Profit,Operating Expenses,"Selling, General & Administrative",Research & Development,Depreciation & Amortization,Operating Income (Loss),Non-Operating Income (Loss),"Interest Expense, Net","Pretax Income (Loss), Adj.",Abnormal Gains (Losses),Pretax Income (Loss),"Income Tax (Expense) Benefit, Net",Income (Loss) from Continuing Operations,Net Extraordinary Gains (Losses),Net Income,Net Income (Common),Ticker,Report_Date
905672,USD,2010,Q2,2010-08-31,2011-08-02,93032000.0,95056000.0,349094000.0,-208762000.0,140332000.0,-58232000.0,-39164000.0,,-5006000.0,82100000.0,-853000.0,-1118000.0,81247000,,81247000,-31889000.0,49358000,,49358000,49358000,MD,2010-06-30
905672,USD,2010,Q3,2010-11-03,2011-11-01,93576000.0,94964000.0,351058000.0,-211884000.0,139174000.0,-57800000.0,-37499000.0,,-6321000.0,81374000.0,-43000.0,-481000.0,81331000,,81331000,-20061000.0,61270000,,61270000,61270000,MD,2010-09-30
905672,USD,2010,Q4,2011-02-24,2013-02-15,93832000.0,96006000.0,368480000.0,-220872000.0,147608000.0,-61722000.0,-39505000.0,,-5843000.0,85886000.0,-557000.0,-884000.0,85329000,,85329000,-31529000.0,53800000,,53800000,53800000,MD,2010-12-31
905672,USD,2011,Q1,2011-05-03,2012-05-03,94298000.0,96722000.0,382283000.0,-243894000.0,138389000.0,-62669000.0,-41798000.0,,-5781000.0,75720000.0,-586000.0,-911000.0,75134000,,75134000,-29678000.0,45456000,,45456000,45456000,MD,2011-03-31
905672,USD,2011,Q2,2011-08-02,2012-07-31,95062000.0,97460000.0,393402000.0,-235292000.0,158110000.0,-64987000.0,-42702000.0,,-6032000.0,93123000.0,-659000.0,-988000.0,92464000,,92464000,-36523000.0,55941000,,55941000,55941000,MD,2011-06-30
905672,USD,2011,Q3,2011-11-01,2012-11-01,95980000.0,97870000.0,407665000.0,-246687000.0,160978000.0,-65941000.0,-43010000.0,,-6213000.0,95037000.0,-719000.0,-1056000.0,94318000,,94318000,-36077000.0,58241000,,58241000,58241000,MD,2011-09-30
905672,USD,2011,Q4,2012-02-29,2014-02-12,96308000.0,98316000.0,404898000.0,-244523000.0,160375000.0,-68866000.0,-42846000.0,,-7266000.0,91509000.0,-180000.0,-684000.0,91329000,,91329000,-32970000.0,58359000,,58359000,58359000,MD,2011-12-31
905672,USD,2012,Q1,2012-05-03,2013-05-02,96538000.0,98798000.0,422616000.0,-272261000.0,150355000.0,-70967000.0,-46869000.0,,-7113000.0,79388000.0,-126000.0,-554000.0,79262000,,79262000,-30912000.0,48350000,,48350000,48350000,MD,2012-03-31
905672,USD,2012,Q2,2012-07-31,2013-07-30,97086000.0,99090000.0,449530000.0,-275951000.0,173579000.0,-73843000.0,-48200000.0,,-7687000.0,99736000.0,-483000.0,-848000.0,99253000,,99253000,-38709000.0,60544000,,60544000,60544000,MD,2012-06-30
905672,USD,2012,Q3,2012-11-01,2013-10-31,97876000.0,99618000.0,473134000.0,-292030000.0,181104000.0,-73731000.0,-48200000.0,,-7925000.0,107373000.0,-202000.0,-624000.0,107171000,,107171000,-41261000.0,65910000,,65910000,65910000,MD,2012-09-30
905672,USD,2012,Q4,2013-02-15,2015-02-09,98044000.0,100022000.0,471332000.0,-290671000.0,180661000.0,-77638000.0,-50271000.0,,-8091000.0,103023000.0,-538000.0,-1219000.0,102485000,,102485000,-36382000.0,66103000,,66103000,66103000,MD,2012-12-31
905672,USD,2013,Q1,2013-05-02,2014-05-01,98618000.0,100784000.0,502715000.0,-329201000.0,173514000.0,-81962000.0,-53318000.0,,-9144000.0,91552000.0,-787000.0,-1189000.0,90765000,,90765000,-35398000.0,55367000,,55367000,55367000,MD,2013-03-31
905672,USD,2013,Q2,2013-07-30,2014-07-31,99116000.0,101098000.0,529180000.0,-331922000.0,197258000.0,-83887000.0,-54601000.0,,-9870000.0,113371000.0,-1277000.0,-1673000.0,112094000,,112094000,-42876000.0,69218000,,69218000,69218000,MD,2013-06-30
905672,USD,2013,Q3,2013-10-31,2014-10-30,99506000.0,101178000.0,554730000.0,-346879000.0,207851000.0,-84560000.0,-54654000.0,,-10461000.0,123291000.0,-1135000.0,-1507000.0,122156000,,122156000,-45198000.0,76958000,,76958000,76958000,MD,2013-09-30
905672,USD,2013,Q4,2014-02-12,2016-02-11,99208000.0,100816000.0,567387000.0,-353316000.0,214071000.0,-90154000.0,-55636000.0,,-10491000.0,123917000.0,-520000.0,-1046000.0,123397000,,123397000,-44423000.0,78974000,,78974000,78974000,MD,2013-12-31
905672,USD,2014,Q1,2014-05-01,2015-04-30,99076000.0,100696000.0,566338000.0,-372040000.0,194298000.0,-90201000.0,-58414000.0,,-10370000.0,104097000.0,264000.0,-1371000.0,104361000,,104361000,-40701000.0,63660000,,63660000,63660000,MD,2014-03-31
905672,USD,2014,Q2,2014-07-31,2015-07-30,98411000.0,99866000.0,595544000.0,-372216000.0,223328000.0,-93656000.0,-60829000.0,,-10361000.0,129672000.0,-1703000.0,-2188000.0,127969000,,127969000,-48944000.0,79025000,,79016000,79016000,MD,2014-06-30
905672,USD,2014,Q3,2014-10-30,2015-10-29,99088000.0,100145000.0,626506000.0,-394794000.0,231712000.0,-93569000.0,-60643000.0,,-11356000.0,138143000.0,-731000.0,-2019000.0,137412000,,137412000,-51174000.0,86238000,,86207000,86207000,MD,2014-09-30
905672,USD,2014,Q4,2015-02-09,2017-02-10,97777000.0,98841000.0,650525000.0,-404345000.0,246180000.0,-105093000.0,-67641000.0,,-13903000.0,141087000.0,-2213000.0,-3313000.0,138874000,,138874000,-50594000.0,88280000,,88398000,88398000,MD,2014-12-31
905672,USD,2015,Q1,2015-04-30,2016-04-28,94231000.0,95325000.0,639395000.0,-419595000.0,219800000.0,-104979000.0,-67936000.0,,-13612000.0,114821000.0,-2304000.0,-3267000.0,112517000,,112517000,-43928000.0,68589000,,68707000,68707000,MD,2015-03-31
905672,USD,2015,Q2,2015-07-30,2016-07-28,92500000.0,93495000.0,676588000.0,-422803000.0,253785000.0,-112828000.0,-72401000.0,,-15549000.0,140957000.0,-4020000.0,-5149000.0,136937000,,136937000,-52889000.0,84048000,,84130000,84130000,MD,2015-06-30
905672,USD,2015,Q3,2015-10-29,2016-10-27,92949000.0,93646000.0,722273000.0,-450033000.0,272240000.0,-121110000.0,-80185000.0,,-16918000.0,151130000.0,-4850000.0,-6201000.0,146280000,,146280000,-55640000.0,90640000,,90781000,90781000,MD,2015-09-30
905672,USD,2015,Q4,2016-02-11,2018-02-14,92628000.0,93374000.0,741740000.0,-461074000.0,280666000.0,-129706000.0,-85393000.0,,-18149000.0,150960000.0,-6965000.0,-8493000.0,143995000,,143995000,-51581000.0,92414000,,92702000,92702000,MD,2015-12-31
905672,USD,2016,Q1,2016-04-28,2017-05-04,92269000.0,93091000.0,752624000.0,-491811000.0,260813000.0,-136580000.0,-89950000.0,,-19584000.0,124233000.0,-13051000.0,-14463000.0,111182000,,111182000,-43411000.0,67771000,,67899000,67899000,MD,2016-03-31
905672,USD,2016,Q2,2016-07-28,2017-07-28,92182000.0,92945000.0,771759000.0,-484625000.0,287134000.0,-139349000.0,-92116000.0,,-20241000.0,147785000.0,-13859000.0,-15058000.0,133926000,,133926000,-51601000.0,82325000,,82427000,82427000,MD,2016-06-30
905672,USD,2016,Q3,2016-10-27,2017-11-01,92604000.0,93146000.0,828006000.0,-521832000.0,306174000.0,-149283000.0,-93457000.0,,-24185000.0,156891000.0,-16198000.0,-17215000.0,140693000,,140693000,-44272000.0,96421000,,96509000,96509000,MD,2016-09-30
905672,USD,2016,Q4,2017-02-10,2019-02-14,92633000.0,93254000.0,830770000.0,-532952000.0,297818000.0,-155040000.0,-97049000.0,,-25254000.0,142778000.0,-14780000.0,-16356000.0,127998000,,127998000,-49919000.0,78079000,,78079000,78079000,MD,2016-12-31
905672,USD,2017,Q1,2017-05-04,2018-05-04,92360000.0,93143000.0,835597000.0,-572385000.0,263212000.0,-157175000.0,-103765000.0,,-25614000.0,106037000.0,-16379000.0,-17752000.0,89658000,,89658000,-34967000.0,54691000,,54691000,54691000,MD,2017-03-31
905672,USD,2017,Q2,2017-07-28,2018-08-02,92181000.0,92812000.0,842944000.0,-561418000.0,281526000.0,-159622000.0,-103015000.0,,-25735000.0,121904000.0,-17481000.0,-18535000.0,104423000,,104423000,-40725000.0,63698000,,63698000,63698000,MD,2017-06-30
905672,USD,2017,Q3,2017-11-01,2018-11-01,92589000.0,92881000.0,868951000.0,-586476000.0,282475000.0,-156043000.0,-101430000.0,,-25116000.0,126432000.0,-18433000.0,-18428000.0,107999000,,107999000,-42119000.0,65880000,,65880000,65880000,MD,2017-09-30
905672,USD,2017,Q4,2018-02-14,2019-02-14,92594000.0,92996000.0,910820000.0,-617455000.0,293365000.0,-167662000.0,-108895000.0,,-26414000.0,125703000.0,-17361000.0,-19844000.0,108342000,,108342000,27761000.0,136103000,,136103000,136103000,MD,2017-12-31
905672,USD,2018,Q1,2018-05-04,2019-05-02,92859000.0,93505000.0,852628000.0,-603955000.0,248673000.0,-149010000.0,-101693000.0,,-19914000.0,99663000.0,-16936000.0,-19935000.0,82727000,,82727000,-22720000.0,60007000,3421000.0,63428000,63428000,MD,2018-03-31
905672,USD,2018,Q2,2018-08-02,2018-08-02,92987000.0,93529000.0,915918000.0,-620980000.0,294938000.0,-166259000.0,-107908000.0,,-26518000.0,128679000.0,-19145000.0,-21604000.0,109534000,,109534000,-30122000.0,79412000,,79412000,79412000,MD,2018-06-30
905672,USD,2018,Q3,2018-11-01,2018-11-01,90984000.0,91359000.0,896652000.0,-625717000.0,270935000.0,-161773000.0,-102905000.0,,-28709000.0,109162000.0,-18714000.0,-21782000.0,90448000,,90448000,-24873000.0,65575000,,65575000,65575000,MD,2018-09-30
905672,USD,2018,Q4,2019-02-14,2021-02-18,87586000.0,88031000.0,-942091000.0,724981000.0,-217110000.0,127994000.0,80288000.0,,50786000.0,-89116000.0,-27385000.0,-29624000.0,-116501000,,-116501000,33021000.0,-83480000,143694000.0,60214000,60214000,MD,2018-12-31
905672,USD,2019,Q1,2019-05-02,2019-05-02,86073000.0,86545000.0,847639000.0,-621539000.0,226100000.0,-147645000.0,-101821000.0,,-20033000.0,78455000.0,-27840000.0,-30723000.0,50615000,,50615000,-8962000.0,41653000,-284525000.0,-242872000,-242872000,MD,2019-03-31
905672,USD,2019,Q2,2019-08-01,2019-08-01,83234000.0,83689000.0,840827000.0,-608962000.0,231865000.0,-151365000.0,-103540000.0,,-19809000.0,80500000.0,-27868000.0,-31080000.0,52632000,,52632000,-17116000.0,35516000,-43761000.0,-8245000,-8245000,MD,2019-06-30
905672,USD,2019,Q3,2019-11-01,2019-11-01,82441000.0,82441000.0,-580532000.0,-630309000.0,-1210841000.0,-148914000.0,-102356000.0,,-19608000.0,-1359755000.0,-26279000.0,-29901000.0,-1386034000,,-1386034000,125788000.0,-1260246000,4330000.0,-1255916000,-1255916000,MD,2019-09-30
905672,USD,2019,Q4,2020-04-28,2020-04-28,82232000.0,81305000.0,610935000.0,680051000.0,1290986000.0,81570000.0,63205000.0,,33519000.0,1372556000.0,-30985000.0,-27224000.0,1341571000,,1341571000,-116286000.0,1225285000,-1215954000.0,9331000,9331000,MD,2019-12-31
905672,USD,2020,Q1,2020-05-07,2021-05-07,82799000.0,82799000.0,425169000.0,-316279000.0,108890000.0,-98087000.0,-67442000.0,,-6803000.0,10803000.0,-28217000.0,-27665000.0,-17414000,,-17414000,-1085000.0,-18499000,-213000.0,-18712000,-18712000,MD,2020-03-31
