SimFinId,Currency,Fiscal Year,Fiscal Period,Publish Date,Restated Date,Shares (Basic),Shares (Diluted),Revenue,Cost of Revenue,Gross Profit,Operating Expenses,"Selling, General & Administrative",Research & Development,Depreciation & Amortization,Operating Income (Loss),Non-Operating Income (Loss),"Interest Expense, Net","Pretax Income (Loss), Adj.",Abnormal Gains (Losses),Pretax Income (Loss),"Income Tax (Expense) Benefit, Net",Income (Loss) from Continuing Operations,Net Extraordinary Gains (Losses),Net Income,Net Income (Common),Ticker,Report_Date
544026,USD,2014,Q1,2014-05-02,2015-05-18,9019645.0,9410667.0,551261000.0,-149584000.0,401677000.0,-199610000.0,,,,202067000.0,-132617000.0,-134546000.0,69450000,2253000.0,71703000,-11217000.0,60486000,,60501000,59504000,OCN,2014-03-31
544026,USD,2014,Q2,2014-08-18,2015-07-31,8952585.0,9184976.0,553074000.0,-146389000.0,406685000.0,-199074000.0,,,,207611000.0,-130790000.0,-130654000.0,76821000,356000.0,77177000,-10165000.0,67012000,,66955000,65958000,OCN,2014-06-30
544026,USD,2014,Q3,2014-10-31,2015-10-29,8707765.0,8707765.0,513698000.0,-149618000.0,364080000.0,-305421000.0,,,,58659000.0,-130925000.0,-126456000.0,-72266000,0.0,-72266000,-2992000.0,-75258000,,-75381000,-76189000,OCN,2014-09-30
544026,USD,2014,Q4,2015-05-11,2017-05-15,8367462.0,7744049.0,493292000.0,-172678000.0,320614000.0,-292633000.0,,,,27981000.0,-127553000.0,-127110000.0,-99572000,-420201000.0,-519773000,-2022000.0,-521795000,,-521875000,-521875000,OCN,2014-12-31
544026,USD,2015,Q1,2015-05-18,2016-04-28,8355658.0,8470877.0,510444000.0,-206946000.0,303498000.0,-171412000.0,,,,132086000.0,-115663000.0,-113821000.0,16423000,26406000.0,42829000,-8440000.0,34389000,,34355000,34355000,OCN,2015-03-31
544026,USD,2015,Q2,2015-07-31,2016-07-28,8358253.0,8481070.0,463251000.0,-158401000.0,304850000.0,-193851000.0,,,,110999000.0,-128805000.0,-119859000.0,-17806000,30306000.0,12500000,-2594000.0,9906000,,9738000,9738000,OCN,2015-06-30
544026,USD,2015,Q3,2015-10-29,2016-10-27,8363089.0,8363089.0,404946000.0,-204157000.0,200789000.0,-183569000.0,,,,17220000.0,-114384000.0,-112620000.0,-97164000,41246000.0,-55918000,-10832000.0,-66750000,,-66869000,-66869000,OCN,2015-09-30
544026,USD,2015,Q4,2016-02-29,2018-02-28,8357283.0,8119245.0,362457000.0,-190111000.0,172346000.0,-169737000.0,,,,2609000.0,-117844000.0,-117753000.0,-115235000,-14037000.0,-129272000,-94985000.0,-224257000,,-224241000,-224241000,OCN,2015-12-31
544026,USD,2016,Q1,2016-04-28,2017-05-15,8277026.0,8277026.0,330757000.0,-191941000.0,138816000.0,-136716000.0,,,,2100000.0,-105400000.0,-101899000.0,-103300000,1175000.0,-102125000,-9076000.0,-111201000,,-111331000,-111331000,OCN,2016-03-31
544026,USD,2016,Q2,2016-07-28,2017-08-03,8263713.0,8263713.0,373054000.0,-188409000.0,184645000.0,-196609000.0,,,,-11964000.0,-85287000.0,-85893000.0,-97251000,853000.0,-96398000,9180000.0,-87218000,,-87378000,-87378000,OCN,2016-06-30
544026,USD,2016,Q3,2016-10-27,2017-11-02,8269932.0,8279772.0,359448000.0,-156493000.0,202955000.0,-115185000.0,,,,87770000.0,-91067000.0,-105803000.0,-3297000,5661000.0,2364000,7110000.0,9474000,,9391000,9391000,OCN,2016-09-30
544026,USD,2016,Q4,2017-02-14,2018-02-28,8270048.0,8260208.0,323904000.0,-124298000.0,199606000.0,-113603000.0,,,,86003000.0,-97008000.0,-99905000.0,-11005000,803000.0,-10202000,-228000.0,-10430000,,-10444000,-10444000,OCN,2016-12-31
544026,USD,2017,Q1,2017-05-15,2017-05-15,8271796.0,8271796.0,321864000.0,-159708000.0,162156000.0,-116675000.0,,,,45481000.0,-76266000.0,-80299000.0,-30785000,287000.0,-30498000,-2125000.0,-32623000,,-32724000,-32724000,OCN,2017-03-31
544026,USD,2017,Q2,2017-08-03,2017-08-03,8309638.0,8309638.0,311300000.0,-154927000.0,156373000.0,-125553000.0,,,,30820000.0,-73461000.0,-76889000.0,-42641000,1033000.0,-41608000,-2828000.0,-44436000,,-44507000,-44507000,OCN,2017-06-30
544026,USD,2017,Q3,2017-11-02,2017-11-02,8587235.0,8587235.0,284642000.0,-163062000.0,121580000.0,-110417000.0,,,,11163000.0,-44259000.0,-43182000.0,-33096000,6543000.0,-26553000,20418000.0,-6135000,,-6252000,-6252000,OCN,2017-09-30
544026,USD,2017,Q4,2018-02-28,2018-02-28,8736824.0,8736824.0,276770000.0,-23967000.0,252803000.0,-144336000.0,,,,108467000.0,-156455000.0,-146903000.0,-47988000,2674000.0,-45314000,51000.0,-45263000,,-44483000,-44483000,OCN,2017-12-31
544026,USD,2018,Q1,2018-05-02,2018-05-02,8879202.0,8978282.0,260257000.0,-109493000.0,150764000.0,-79879000.0,,,,70885000.0,-49749000.0,-48110000.0,21136000,-16171000.0,4965000,-2348000.0,2617000,,2548000,2548000,OCN,2018-03-31
544026,USD,2018,Q2,2018-07-26,2018-07-26,8928204.0,8928204.0,253581000.0,-98114000.0,155467000.0,-74418000.0,,,,81049000.0,-76414000.0,-74148000.0,4635000,-33040000.0,-28405000,-1348000.0,-29753000,,-29831000,-29831000,OCN,2018-06-30
544026,USD,2018,Q3,2018-11-06,2018-11-06,8931959.0,8931959.0,238278000.0,-95065000.0,143213000.0,-81013000.0,,,,62200000.0,-60292000.0,-57325000.0,1908000,-42181000.0,-40273000,-845000.0,-41118000,,-41147000,-41147000,OCN,2018-09-30
544026,USD,2018,Q4,2019-02-27,2019-02-27,8932692.0,8833611.0,310929000.0,-126661000.0,184268000.0,-114396000.0,,,,69872000.0,92064000.0,90238000.0,161936000,-169699000.0,-7763000,4012000.0,-3751000,1409000.0,-2342000,-2342000,OCN,2018-12-31
544026,USD,2019,Q1,2019-05-07,2019-05-07,8932396.0,8932396.0,303888000.0,-123394000.0,180494000.0,-47713000.0,,,,132781000.0,-64582000.0,-65887000.0,68199000,-109283000.0,-41084000,-3410000.0,-44494000,,-44494000,-44494000,OCN,2019-03-31
544026,USD,2019,Q2,2019-08-06,2019-08-06,8968865.0,8968865.0,274338000.0,-103793000.0,170545000.0,-80433000.0,,,,90112000.0,-27081000.0,-27734000.0,63031000,-147364000.0,-84333000,-5404000.0,-89737000,,-89737000,-89737000,OCN,2019-06-30
544026,USD,2019,Q3,2019-11-05,2019-11-05,8977540.0,8977540.0,283515000.0,-110033000.0,173482000.0,-69252000.0,,,,104230000.0,-282207000.0,-281793000.0,-177977000,139660000.0,-38317000,-4450000.0,-42767000,,-42767000,-42767000,OCN,2019-09-30
544026,USD,2019,Q4,2020-02-26,2020-02-26,8990965.0,8990965.0,261634000.0,-85295000.0,176339000.0,-54026000.0,,,,122313000.0,286190000.0,278389000.0,408503000,-371260000.0,37243000,-2370000.0,34873000,,34873000,34873000,OCN,2019-12-31
544026,USD,2020,Q1,2020-05-08,2021-05-04,8995084.0,8995084.0,253842000.0,-80984000.0,172858000.0,-56230000.0,,,,116628000.0,-23259000.0,-24587000.0,93369000,-180714000.0,-87345000,61856000.0,-25489000,,-25489000,-25489000,OCN,2020-03-31
