SimFinId,Currency,Fiscal Year,Fiscal Period,Publish Date,Restated Date,Shares (Basic),Shares (Diluted),Revenue,Cost of Revenue,Gross Profit,Operating Expenses,"Selling, General & Administrative",Research & Development,Depreciation & Amortization,Operating Income (Loss),Non-Operating Income (Loss),"Interest Expense, Net","Pretax Income (Loss), Adj.",Abnormal Gains (Losses),Pretax Income (Loss),"Income Tax (Expense) Benefit, Net",Income (Loss) from Continuing Operations,Net Extraordinary Gains (Losses),Net Income,Net Income (Common),Ticker,Report_Date
445598,USD,2011,Q3,2011-11-02,2012-11-08,17633000.0,17633000.0,60722000.0,-45713000.0,15009000.0,-5824000.0,,,-909000.0,9185000.0,-1928000.0,-1928000.0,7257000,-2778000.0,4479000,-908000.0,3571000,-448000.0,3123000,3123000,ACHC,2011-09-30
445598,USD,2011,Q4,2012-01-27,2014-02-21,22129000.0,22129000.0,75355000.0,-54033000.0,21322000.0,-8581000.0,,,-1170000.0,12741000.0,-5048000.0,-5048000.0,7693000,-31164000.0,-23471000,8698000.0,-14773000,-1136000.0,-15909000,-15909000,ACHC,2011-12-31
445598,USD,2012,Q1,2012-04-27,2013-05-02,32120000.0,32333000.0,89563000.0,-66003000.0,23560000.0,-10591000.0,,,-1610000.0,12969000.0,-7282000.0,-7282000.0,5687000,-695000.0,4992000,-1665000.0,3327000,352000.0,3679000,3679000,ACHC,2012-03-31
445598,USD,2012,Q2,2012-08-02,2013-07-31,36507000.0,36695000.0,100530000.0,-70316000.0,30214000.0,-12053000.0,,,-1646000.0,18161000.0,-7471000.0,-7471000.0,10690000,-670000.0,10020000,-3919000.0,6101000,-192000.0,5909000,5909000,ACHC,2012-06-30
445598,USD,2012,Q3,2012-11-08,2013-10-30,41757000.0,41991000.0,103116000.0,-71184000.0,31932000.0,-13456000.0,,,-2076000.0,18476000.0,-7433000.0,-7433000.0,11043000,-732000.0,10311000,-3723000.0,6588000,-138000.0,6450000,6450000,ACHC,2012-09-30
445598,USD,2012,Q4,2013-03-01,2015-02-27,43524000.0,43765000.0,114252000.0,-78489000.0,35763000.0,-14659000.0,,,-2650000.0,21104000.0,-7583000.0,-7583000.0,13521000,-6015000.0,7506000,-3018000.0,4488000,-123000.0,4365000,4365000,ACHC,2012-12-31
445598,USD,2013,Q1,2013-05-02,2014-04-30,49911000.0,50250000.0,161213000.0,-114290000.0,46923000.0,-20605000.0,,,-3622000.0,26318000.0,-8762000.0,-8762000.0,17556000,-10824000.0,6732000,-2678000.0,4054000,-316000.0,3738000,3738000,ACHC,2013-03-31
445598,USD,2013,Q2,2013-07-31,2014-07-30,50009000.0,50282000.0,177494000.0,-122095000.0,55399000.0,-24308000.0,,,-4212000.0,31091000.0,-9445000.0,-9445000.0,21646000,-1355000.0,20291000,-8020000.0,12271000,-74000.0,12197000,12197000,ACHC,2013-06-30
445598,USD,2013,Q3,2013-10-30,2014-10-30,50040000.0,50343000.0,184702000.0,-125207000.0,59495000.0,-26759000.0,,,-4414000.0,32736000.0,-9465000.0,-9465000.0,23271000,-984000.0,22287000,-7741000.0,14546000,-182000.0,14364000,14364000,ACHC,2013-09-30
445598,USD,2013,Q4,2014-02-21,2016-02-26,50056000.0,50169000.0,189999000.0,-131159000.0,58840000.0,-25990000.0,,,-4842000.0,32850000.0,-9578000.0,-9578000.0,23272000,-3337000.0,19935000,-7536000.0,12399000,-119000.0,12280000,12280000,ACHC,2013-12-31
445598,USD,2014,Q1,2014-04-30,2015-04-29,50120000.0,50486000.0,201418000.0,-140790000.0,60628000.0,-28546000.0,,,-5436000.0,32082000.0,-9707000.0,-9707000.0,22375000,-1579000.0,20796000,-7775000.0,13021000,37000.0,13058000,13058000,ACHC,2014-03-31
445598,USD,2014,Q2,2014-07-30,2015-08-05,51616000.0,51819000.0,213803000.0,-146849000.0,66954000.0,-30581000.0,,,-5935000.0,36373000.0,-9730000.0,-9730000.0,26643000,10719000.0,37362000,-14905000.0,22457000,-6000.0,22451000,22451000,ACHC,2014-06-30
445598,USD,2014,Q3,2014-10-30,2015-11-04,59175000.0,59409000.0,294479000.0,-200786000.0,93693000.0,-41757000.0,,,-10325000.0,51936000.0,-14068000.0,-14068000.0,37868000,-4712000.0,33156000,-7703000.0,25453000,-51000.0,25402000,25402000,ACHC,2014-09-30
445598,USD,2014,Q4,2015-02-27,2017-02-24,59341000.0,59594000.0,294901000.0,-200092000.0,94809000.0,-42437000.0,,,-10971000.0,52372000.0,-14716000.0,-14716000.0,37656000,-2816000.0,34840000,-12539000.0,22301000,-172000.0,22129000,22129000,ACHC,2014-12-31
445598,USD,2015,Q1,2015-04-29,2016-04-29,62530000.0,62894000.0,365783000.0,-250438000.0,115345000.0,-53631000.0,,,-13104000.0,61714000.0,-22146000.0,-22146000.0,39568000,-18363000.0,21205000,-6613000.0,14592000,2000.0,14594000,14594000,ACHC,2015-03-31
445598,USD,2015,Q2,2015-08-05,2016-07-29,68296000.0,68735000.0,453660000.0,-302084000.0,151576000.0,-66054000.0,,,-14926000.0,85522000.0,-28049000.0,-28049000.0,57473000,-8118000.0,49355000,-15512000.0,33843000,1000.0,33844000,33844000,ACHC,2015-06-30
445598,USD,2015,Q3,2015-11-04,2016-11-02,70664000.0,71110000.0,479730000.0,-319345000.0,160385000.0,-74134000.0,,,-16890000.0,86251000.0,-27737000.0,-27737000.0,58514000,-16839000.0,41675000,-12669000.0,29006000,80000.0,29550000,29550000,ACHC,2015-09-30
445598,USD,2015,Q4,2016-02-26,2018-02-27,70850000.0,70825000.0,495319000.0,-331519000.0,163800000.0,-76477000.0,,,-18630000.0,87323000.0,-28810000.0,-28810000.0,58513000,-5995000.0,52518000,-18594000.0,33924000,28000.0,34566000,34566000,ACHC,2015-12-31
445598,USD,2016,Q1,2016-04-29,2017-04-26,82943000.0,83420000.0,616813000.0,-422510000.0,194303000.0,-98222000.0,,,-27975000.0,96081000.0,-37714000.0,-37714000.0,58367000,-25888000.0,32479000,-7110000.0,25369000,,25688000,25688000,ACHC,2016-03-31
445598,USD,2016,Q2,2016-07-29,2017-07-28,86553000.0,86876000.0,756548000.0,-510255000.0,246293000.0,-117707000.0,,,-36752000.0,128586000.0,-48758000.0,-48758000.0,79828000,-5976000.0,73852000,-18261000.0,55591000,,56445000,56445000,ACHC,2016-06-30
445598,USD,2016,Q3,2016-11-02,2017-10-25,86618000.0,86618000.0,734665000.0,-506224000.0,228441000.0,-116166000.0,,,-36418000.0,112275000.0,-48843000.0,-48843000.0,63432000,-179246000.0,-115814000,-2396000.0,-118210000,,-117808000,-117808000,ACHC,2016-09-30
445598,USD,2016,Q4,2017-02-24,2018-02-27,86690000.0,86974000.0,702888000.0,-479124000.0,223764000.0,-115564000.0,,,-33958000.0,108200000.0,-46010000.0,-46010000.0,62190000,-19752000.0,42438000,-1012000.0,41426000,,41818000,41818000,ACHC,2016-12-31
445598,USD,2017,Q1,2017-04-26,2018-05-03,86762000.0,86908000.0,679194000.0,-466510000.0,212684000.0,-117324000.0,,,-33613000.0,95360000.0,-42757000.0,-42757000.0,52603000,-4119000.0,48484000,-13711000.0,34773000,,34958000,34958000,ACHC,2017-03-31
445598,USD,2017,Q2,2017-07-28,2018-07-31,86954000.0,87080000.0,715896000.0,-477990000.0,237906000.0,-118323000.0,,,-35201000.0,119583000.0,-43505000.0,-43505000.0,76078000,-9862000.0,66216000,-16578000.0,49638000,,49630000,49630000,ACHC,2017-06-30
445598,USD,2017,Q3,2017-10-25,2017-10-25,87017000.0,87172000.0,716714000.0,-486305000.0,230409000.0,-118770000.0,,,-36442000.0,111639000.0,-44515000.0,-44515000.0,67124000,-5665000.0,61459000,-15970000.0,45489000,,45618000,45618000,ACHC,2017-09-30
445598,USD,2017,Q4,2018-02-27,2018-02-27,87059000.0,87080000.0,724512000.0,-492792000.0,231720000.0,-120420000.0,,,-37754000.0,111300000.0,-45230000.0,-45230000.0,66070000,-5431000.0,60639000,9050000.0,69689000,,69629000,69629000,ACHC,2017-12-31
445598,USD,2018,Q1,2018-05-03,2018-05-03,87121000.0,87294000.0,742241000.0,-515198000.0,227043000.0,-128004000.0,,,-39773000.0,99039000.0,-45243000.0,-45243000.0,53796000,-5708000.0,48088000,2786000.0,50874000,,50819000,50819000,ACHC,2018-03-31
445598,USD,2018,Q2,2018-07-31,2018-07-31,87303000.0,87467000.0,765738000.0,-520571000.0,245167000.0,-127210000.0,,,-39928000.0,117957000.0,-45812000.0,-45812000.0,72145000,-2887000.0,69258000,-10368000.0,58890000,,58836000,58836000,ACHC,2018-06-30
445598,USD,2018,Q3,2018-11-06,2018-11-06,87344000.0,87537000.0,760916000.0,-526753000.0,234163000.0,-130123000.0,,,-39659000.0,104040000.0,-46651000.0,-46651000.0,57389000,-2353000.0,55036000,-8757000.0,46279000,,46232000,46232000,ACHC,2018-09-30
445598,USD,2018,Q4,2019-03-01,2019-03-01,87384000.0,86854000.0,-364200000.0,287379000.0,-76821000.0,39248000.0,,,39018000.0,-37573000.0,-46828000.0,-46828000.0,-84401000,-20586000.0,-104987000,6432000.0,-98555000,-232974000.0,-331637000,-331637000,ACHC,2018-12-31
445598,USD,2019,Q1,2019-05-01,2019-05-01,87505000.0,87694000.0,760617000.0,-536850000.0,223767000.0,-134445000.0,,,-40580000.0,89322000.0,-48130000.0,-48130000.0,41192000,-4321000.0,36871000,-7360000.0,29511000,,29471000,29471000,ACHC,2019-03-31
445598,USD,2019,Q2,2019-07-31,2019-07-31,87618000.0,87837000.0,789362000.0,-539981000.0,249381000.0,-135754000.0,,,-41077000.0,113627000.0,-48610000.0,-48610000.0,65017000,-5212000.0,59805000,-11604000.0,48201000,,48140000,48140000,ACHC,2019-06-30
445598,USD,2019,Q3,2019-11-06,2019-11-06,87649000.0,87859000.0,777251000.0,-541677000.0,235574000.0,-133595000.0,,,-40620000.0,101979000.0,-46644000.0,-46644000.0,55335000,-5775000.0,49560000,-6837000.0,42723000,,42566000,42566000,ACHC,2019-09-30
445598,USD,2019,Q4,2020-02-28,2020-02-28,87676000.0,87874000.0,-318849000.0,271680000.0,-47169000.0,56335000.0,,,34354000.0,9166000.0,-43941000.0,-43941000.0,-34775000,-33066000.0,-67841000,716000.0,-67125000,56812000.0,-11254000,-11254000,ACHC,2019-12-31
445598,USD,2020,Q1,2020-05-05,2021-04-30,87765000.0,87971000.0,509217000.0,-349351000.0,159866000.0,-90991000.0,,,-22835000.0,68875000.0,-42565000.0,-42565000.0,26310000,-1526000.0,24784000,-5806000.0,18978000,15089000.0,33463000,33463000,ACHC,2020-03-31
