SimFinId,Currency,Fiscal Year,Fiscal Period,Publish Date,Restated Date,Shares (Basic),Shares (Diluted),Revenue,Cost of Revenue,Gross Profit,Operating Expenses,"Selling, General & Administrative",Research & Development,Depreciation & Amortization,Operating Income (Loss),Non-Operating Income (Loss),"Interest Expense, Net","Pretax Income (Loss), Adj.",Abnormal Gains (Losses),Pretax Income (Loss),"Income Tax (Expense) Benefit, Net",Income (Loss) from Continuing Operations,Net Extraordinary Gains (Losses),Net Income,Net Income (Common),Ticker,Report_Date
177507,USD,2014,Q3,2014-05-11,2015-09-10,30458000.0,30657000.0,173267000.0,-120425000.0,52842000.0,-35520000.0,-35520000.0,,,17322000.0,-8744000.0,-8744000.0,8578000,-275000.0,8303000,-1933000.0,6370000,,6370000,6370000,PAHC,2014-03-31
177507,USD,2014,Q4,2014-08-10,2016-08-29,37398000.0,37199000.0,183677000.0,-132773000.0,50904000.0,-37847000.0,-37847000.0,,,13057000.0,-6764000.0,-6764000.0,6293000,-22436000.0,-16143000,-1499000.0,-17642000,,-17642000,-17642000,PAHC,2014-06-30
177507,USD,2015,Q1,2014-11-12,2015-11-09,38900000.0,39584000.0,187458000.0,-127129000.0,60329000.0,-35224000.0,-35224000.0,,,25105000.0,-3490000.0,-3490000.0,21615000,1204000.0,22819000,-3887000.0,18932000,,18932000,18932000,PAHC,2014-09-30
177507,USD,2015,Q2,2015-02-10,2016-02-09,38957000.0,39813000.0,188688000.0,-132603000.0,56085000.0,-36298000.0,-36298000.0,,,19787000.0,-3515000.0,-3515000.0,16272000,1018000.0,17290000,-3042000.0,14248000,,14248000,14248000,PAHC,2014-12-31
177507,USD,2015,Q3,2015-09-04,2016-05-09,38998000.0,39919000.0,187495000.0,-128385000.0,59110000.0,-37297000.0,-37297000.0,,,21813000.0,-3602000.0,-3602000.0,18211000,4633000.0,22844000,-6148000.0,16696000,,16696000,16696000,PAHC,2015-03-31
177507,USD,2015,Q4,2015-09-10,2016-08-29,39021000.0,39944000.0,184950000.0,-127194000.0,57756000.0,-36793000.0,-36793000.0,,,20963000.0,-3698000.0,-3698000.0,17265000,-1455000.0,15810000,-5406000.0,10404000,,10404000,10404000,PAHC,2015-06-30
177507,USD,2016,Q1,2015-11-09,2015-11-09,39092000.0,40012000.0,187120000.0,-126960000.0,60160000.0,-38302000.0,-38302000.0,,,21858000.0,-3819000.0,-3819000.0,18039000,5453000.0,23492000,-4739000.0,18753000,,18753000,18753000,PAHC,2015-09-30
177507,USD,2016,Q2,2016-02-09,2016-02-09,39163000.0,39978000.0,191773000.0,-129357000.0,62416000.0,-39795000.0,-39795000.0,,,22621000.0,-3967000.0,-3967000.0,18654000,-2557000.0,16097000,14081000.0,30178000,,30178000,30178000,PAHC,2015-12-31
177507,USD,2016,Q3,2016-05-09,2016-05-09,39356000.0,40000000.0,183461000.0,-123506000.0,59955000.0,-38784000.0,-38784000.0,,,21171000.0,-4265000.0,-4265000.0,16906000,2243000.0,19149000,-572000.0,18577000,,18577000,18577000,PAHC,2016-03-31
177507,USD,2016,Q4,2016-08-29,2016-08-29,39405000.0,39858000.0,189172000.0,-132671000.0,56501000.0,-36407000.0,-36407000.0,,,20094000.0,-4541000.0,-4541000.0,15553000,2470000.0,18023000,-2803000.0,15220000,,15220000,15220000,PAHC,2016-06-30
177507,USD,2017,Q1,2016-11-09,2017-11-06,39408000.0,39906000.0,187987000.0,-126988000.0,60999000.0,-39186000.0,-39186000.0,,,21813000.0,-3907000.0,-3907000.0,17906000,-334000.0,17572000,-5395000.0,12177000,,12177000,12177000,PAHC,2016-09-30
177507,USD,2017,Q2,2017-02-06,2017-02-06,39411000.0,40002000.0,191598000.0,-128100000.0,63498000.0,-40870000.0,-40870000.0,,,22628000.0,-3872000.0,-3872000.0,18756000,548000.0,19304000,-5887000.0,13417000,,13417000,13417000,PAHC,2016-12-31
177507,USD,2017,Q3,2017-05-08,2017-05-08,39512000.0,40059000.0,189861000.0,-129241000.0,60620000.0,-30646000.0,-30646000.0,,,29974000.0,-3929000.0,-3929000.0,26045000,403000.0,26448000,-2805000.0,23643000,,23643000,23643000,PAHC,2017-03-31
177507,USD,2017,Q4,2017-08-30,2017-08-30,39765000.0,40201000.0,194835000.0,-131709000.0,63126000.0,-39607000.0,-39607000.0,,,23519000.0,-3198000.0,-3198000.0,20321000,-3102000.0,17219000,-1841000.0,15378000,,15378000,15378000,PAHC,2017-06-30
177507,USD,2018,Q1,2017-11-06,2017-11-06,39944000.0,40293000.0,193412000.0,-130030000.0,63382000.0,-40995000.0,-40995000.0,,,22387000.0,-3118000.0,-3118000.0,19269000,-325000.0,18944000,-3052000.0,15892000,,15892000,15892000,PAHC,2017-09-30
177507,USD,2018,Q2,2018-02-05,2018-02-05,40186000.0,40364000.0,205876000.0,-138957000.0,66919000.0,-42981000.0,-42981000.0,,,23938000.0,-3050000.0,-3050000.0,20888000,323000.0,21211000,-14179000.0,7032000,,7032000,7032000,PAHC,2017-12-31
177507,USD,2018,Q3,2018-05-07,2018-05-07,40254000.0,40390000.0,208908000.0,-139839000.0,69069000.0,-42577000.0,-42577000.0,,,26492000.0,-3064000.0,-3064000.0,23428000,960000.0,24388000,-4548000.0,19840000,,19840000,19840000,PAHC,2018-03-31
177507,USD,2018,Q4,2018-08-27,2018-08-27,40340000.0,40493000.0,211786000.0,-144277000.0,67509000.0,-41400000.0,-41400000.0,,,26109000.0,-2678000.0,-2678000.0,23431000,96000.0,23527000,-1408000.0,22119000,,22119000,22119000,PAHC,2018-06-30
177507,USD,2019,Q1,2018-11-06,2018-11-06,40369000.0,40560000.0,200153000.0,-134348000.0,65805000.0,-42952000.0,-42952000.0,,,22853000.0,-2783000.0,-2783000.0,20070000,2635000.0,22705000,-6391000.0,16314000,,16314000,16314000,PAHC,2018-09-30
177507,USD,2019,Q2,2019-02-06,2019-02-06,40383000.0,40523000.0,218223000.0,-149579000.0,68644000.0,-42938000.0,-42938000.0,,,25706000.0,-3015000.0,-3015000.0,22691000,-2617000.0,20074000,-5326000.0,14748000,,14748000,14748000,PAHC,2018-12-31
177507,USD,2019,Q3,2019-05-06,2019-05-06,40442000.0,40531000.0,205736000.0,-140864000.0,64872000.0,-42304000.0,-42304000.0,,,22568000.0,-2931000.0,-2931000.0,19637000,-122000.0,19515000,-4666000.0,14849000,,14849000,14849000,PAHC,2019-03-31
177507,USD,2019,Q4,2019-08-27,2019-08-27,40454000.0,40478000.0,203883000.0,-138580000.0,65303000.0,-53204000.0,-53204000.0,,,12099000.0,-3047000.0,-3047000.0,9052000,159000.0,9211000,-409000.0,8802000,,8802000,8802000,PAHC,2019-06-30
177507,USD,2020,Q1,2019-11-04,2019-11-04,40454000.0,40504000.0,189720000.0,-132057000.0,57663000.0,-47516000.0,-47516000.0,,,10147000.0,-3354000.0,-3354000.0,6793000,-3221000.0,3572000,-1057000.0,2515000,,2515000,2515000,PAHC,2019-09-30
177507,USD,2020,Q2,2020-02-03,2021-02-03,40454000.0,40504000.0,214012000.0,-144908000.0,69104000.0,-49495000.0,-49495000.0,,,19609000.0,-2714000.0,-3432000.0,16895000,,16895000,-5001000.0,11894000,,11894000,11894000,PAHC,2019-12-31
177507,USD,2020,Q3,2020-05-07,2021-05-06,40454000.0,40504000.0,210739000.0,-141188000.0,69551000.0,-48232000.0,-48232000.0,,,21319000.0,-2655000.0,-3263000.0,18664000,,18664000,-5163000.0,13501000,,13501000,13501000,PAHC,2020-03-31
