SimFinId,Currency,Fiscal Year,Fiscal Period,Publish Date,Restated Date,Shares (Basic),Shares (Diluted),Revenue,Cost of Revenue,Gross Profit,Operating Expenses,"Selling, General & Administrative",Research & Development,Depreciation & Amortization,Operating Income (Loss),Non-Operating Income (Loss),"Interest Expense, Net","Pretax Income (Loss), Adj.",Abnormal Gains (Losses),Pretax Income (Loss),"Income Tax (Expense) Benefit, Net",Income (Loss) from Continuing Operations,Net Extraordinary Gains (Losses),Net Income,Net Income (Common),Ticker,Report_Date
652547,USD,2011,Q2,2011-08-15,2012-11-13,42302736.0,42302736.0,81473000.0,-40109000.0,41364000.0,-44656000.0,-24037000.0,-9791000.0,-10828000.0,-3292000.0,-459000.0,-380000.0,-3751000,,-3751000,-394000.0,-4145000,,-4145000,-4145000,LEAF,2011-06-30
652547,USD,2011,Q3,2011-11-14,2011-11-14,39637584.0,39637584.0,81473000.0,-40109000.0,41364000.0,-44656000.0,-24037000.0,-9791000.0,-10828000.0,-3292000.0,-459000.0,-380000.0,-3751000,,-3751000,-394000.0,-4145000,,-4145000,-4145000,LEAF,2011-09-30
652547,USD,2011,Q4,2012-02-24,2014-03-17,39637584.0,39637584.0,82397000.0,-37958000.0,44439000.0,-46792000.0,-22164000.0,-9313000.0,-15315000.0,-2353000.0,77000.0,75000.0,-2276000,,-2276000,-2376000.0,-4652000,,-4652000,-4652000,LEAF,2011-12-31
652547,USD,2012,Q1,2012-05-11,2013-05-10,41802768.0,41802768.0,86234000.0,-41262000.0,44972000.0,-47868000.0,-25788000.0,-10124000.0,-11956000.0,-2896000.0,-141000.0,-122000.0,-3037000,,-3037000,1195000.0,-1842000,,-1842000,-1842000,LEAF,2012-03-31
652547,USD,2012,Q2,2012-08-10,2013-08-09,42298200.0,43748208.0,93055000.0,-44367000.0,48688000.0,-47760000.0,-27414000.0,-10587000.0,-9759000.0,928000.0,-208000.0,-163000.0,720000,0.0,720000,-626000.0,94000,,94000,94000,LEAF,2012-06-30
652547,USD,2012,Q3,2012-11-13,2013-11-12,42931728.0,44730504.0,98147000.0,-46524000.0,51623000.0,-47109000.0,-27330000.0,-10278000.0,-9501000.0,4514000.0,-159000.0,-146000.0,4355000,0.0,4355000,-1180000.0,3175000,,3175000,3175000,LEAF,2012-09-30
652547,USD,2012,Q4,2013-03-11,2015-03-16,16910000.0,16910000.0,-69796000.0,77849000.0,8053000.0,-13885000.0,-12498000.0,-201000.0,-1186000.0,-5832000.0,-119000.0,-160000.0,-5951000,0.0,-5951000,-340000.0,-6291000,11040000.0,4749000,4749000,LEAF,2012-12-31
652547,USD,2013,Q1,2013-05-10,2014-05-12,43655472.0,44222472.0,100620000.0,-48177000.0,52443000.0,-51177000.0,-30458000.0,-11160000.0,-9559000.0,1266000.0,-224000.0,-146000.0,1042000,,1042000,-373000.0,669000,,669000,669000,LEAF,2013-03-31
652547,USD,2013,Q2,2013-08-09,2014-08-11,17474000.0,17691000.0,101066000.0,-48575000.0,52491000.0,-51158000.0,-29865000.0,-10742000.0,-10551000.0,1333000.0,-204000.0,-159000.0,1129000,1229000.0,2358000,-1240000.0,1118000,,1118000,1118000,LEAF,2013-06-30
652547,USD,2013,Q3,2013-11-12,2014-11-10,17955000.0,17955000.0,50745000.0,-16023000.0,34722000.0,-39678000.0,-22297000.0,-8645000.0,-8736000.0,-4956000.0,-554000.0,-656000.0,-5510000,,-5510000,-1016000.0,-6526000,-3914000.0,-10440000,-10440000,LEAF,2013-09-30
652547,USD,2013,Q4,2014-03-17,2016-03-01,17707000.0,17707000.0,-43020000.0,51619000.0,8599000.0,-15980000.0,-6669000.0,-1638000.0,-7673000.0,-7381000.0,-642000.0,-676000.0,-8023000,-1229000.0,-9252000,-227000.0,-9479000,-2042000.0,-11521000,-11521000,LEAF,2013-12-31
652547,USD,2014,Q1,2014-05-12,2015-05-07,18171000.0,18171000.0,45056000.0,-15623000.0,29433000.0,-35141000.0,-17980000.0,-7223000.0,-9938000.0,-5708000.0,-793000.0,-770000.0,-6501000,,-6501000,-2445000.0,-8946000,-2010000.0,-10956000,-10956000,LEAF,2014-03-31
652547,USD,2014,Q2,2014-08-11,2015-08-06,18286000.0,18286000.0,43077000.0,-16320000.0,26757000.0,-31972000.0,-17147000.0,-6948000.0,-7877000.0,-5215000.0,-957000.0,-934000.0,-6172000,,-6172000,-269000.0,-6441000,-7892000.0,-14333000,-14333000,LEAF,2014-06-30
652547,USD,2014,Q3,2014-11-10,2015-11-05,19151000.0,19151000.0,41315000.0,-16762000.0,24553000.0,-31601000.0,-17163000.0,-7050000.0,-7388000.0,-7048000.0,155000.0,-627000.0,-6893000,-232270000.0,-239163000,16631000.0,-222532000,-1306000.0,-223838000,-223838000,LEAF,2014-09-30
652547,USD,2014,Q4,2015-03-16,2017-02-23,19372000.0,19372000.0,42981000.0,-20906000.0,22075000.0,-38986000.0,-9420000.0,-16453000.0,-13113000.0,-16911000.0,-2115000.0,-2033000.0,-19026000,0.0,-19026000,796000.0,-18230000,0.0,-18230000,-18230000,LEAF,2014-12-31
652547,USD,2015,Q1,2015-05-07,2016-05-09,19773000.0,19773000.0,33210000.0,-16983000.0,16227000.0,-25890000.0,-14143000.0,-7036000.0,-4711000.0,-9663000.0,2936000.0,109000.0,-6727000,,-6727000,-22000.0,-6749000,,-6749000,-6749000,LEAF,2015-03-31
652547,USD,2015,Q2,2015-08-06,2016-08-04,19841000.0,19841000.0,29768000.0,-16318000.0,13450000.0,-27977000.0,-14181000.0,-6571000.0,-7225000.0,-14527000.0,129000.0,110000.0,-14398000,,-14398000,-10000.0,-14408000,,-14408000,-14408000,LEAF,2015-06-30
652547,USD,2015,Q3,2015-11-05,2016-11-07,20021000.0,20021000.0,28505000.0,-17235000.0,11270000.0,-25237000.0,-14860000.0,-6936000.0,-3441000.0,-13967000.0,175000.0,-3000.0,-13792000,,-13792000,-13000.0,-13805000,,-13805000,-13805000,LEAF,2015-09-30
652547,USD,2015,Q4,2016-03-01,2018-03-01,20117000.0,20117000.0,34486000.0,-20714000.0,13772000.0,-22386000.0,-13285000.0,-5772000.0,-3329000.0,-8614000.0,85000.0,2000.0,-8529000,,-8529000,-10000.0,-8539000,,-8539000,-8539000,LEAF,2015-12-31
652547,USD,2016,Q1,2016-05-09,2017-05-04,20213000.0,20213000.0,26969000.0,-16546000.0,10423000.0,-23303000.0,-14657000.0,-5614000.0,-3032000.0,-12880000.0,982000.0,2000.0,-11898000,,-11898000,-11000.0,-11909000,,-11909000,-11909000,LEAF,2016-03-31
652547,USD,2016,Q2,2016-08-04,2017-08-03,20389000.0,20679000.0,24435000.0,-14768000.0,9667000.0,-23336000.0,-14874000.0,-5348000.0,-3114000.0,-13669000.0,38205000.0,23000.0,24536000,,24536000,-69000.0,24467000,,24467000,24467000,LEAF,2016-06-30
652547,USD,2016,Q3,2016-11-07,2017-11-07,20236000.0,20236000.0,28059000.0,-15161000.0,12898000.0,-21281000.0,-13529000.0,-4652000.0,-3100000.0,-8383000.0,2000.0,33000.0,-8381000,,-8381000,32000.0,-8349000,,-8349000,-8349000,LEAF,2016-09-30
652547,USD,2016,Q4,2017-02-23,2019-03-04,19770000.0,19480000.0,33989000.0,-21040000.0,12949000.0,-20302000.0,-14298000.0,-4350000.0,-1654000.0,-7353000.0,1075000.0,34000.0,-6278000,,-6278000,58000.0,-6220000,,-6220000,-6220000,LEAF,2016-12-31
652547,USD,2017,Q1,2017-05-04,2018-05-08,19942000.0,19942000.0,27238000.0,-16324000.0,10914000.0,-20964000.0,-14377000.0,-4750000.0,-1837000.0,-10050000.0,44000.0,41000.0,-10006000,,-10006000,-12000.0,-10018000,,-10018000,-10018000,LEAF,2017-03-31
652547,USD,2017,Q2,2017-08-03,2018-08-02,20392000.0,20392000.0,28565000.0,-16636000.0,11929000.0,-20846000.0,-14421000.0,-5029000.0,-1396000.0,-8917000.0,32000.0,38000.0,-8885000,,-8885000,-80000.0,-8965000,,-8965000,-8965000,LEAF,2017-06-30
652547,USD,2017,Q3,2017-11-07,2018-11-06,20745000.0,20745000.0,33460000.0,-20378000.0,13082000.0,-19900000.0,-14029000.0,-4558000.0,-1313000.0,-6818000.0,58000.0,64000.0,-6760000,,-6760000,-57000.0,-6817000,,-6817000,-6817000,LEAF,2017-09-30
652547,USD,2017,Q4,2018-03-01,2019-03-04,20925000.0,20925000.0,39727000.0,-24764000.0,14963000.0,-20519000.0,-15061000.0,-4276000.0,-1182000.0,-5556000.0,37000.0,47000.0,-5519000,,-5519000,186000.0,-5333000,,-5333000,-5333000,LEAF,2017-12-31
652547,USD,2018,Q1,2018-05-08,2018-05-08,22957000.0,22957000.0,33747000.0,-19624000.0,14123000.0,-20033000.0,-14297000.0,-4710000.0,-1026000.0,-5910000.0,9000.0,17000.0,-5901000,,-5901000,-24000.0,-5925000,,-5925000,-5925000,LEAF,2018-03-31
652547,USD,2018,Q2,2018-08-02,2018-08-02,24854000.0,24854000.0,34321000.0,-19025000.0,15296000.0,-21571000.0,-15520000.0,-5095000.0,-956000.0,-6275000.0,4000.0,29000.0,-6271000,,-6271000,-22000.0,-6293000,,-6293000,-6293000,LEAF,2018-06-30
652547,USD,2018,Q3,2018-11-06,2018-11-06,25111000.0,25111000.0,41456000.0,-24431000.0,17025000.0,-23102000.0,-16411000.0,-5558000.0,-1133000.0,-6077000.0,55000.0,114000.0,-6022000,,-6022000,-13000.0,-6035000,,-6035000,-6035000,LEAF,2018-09-30
652547,USD,2018,Q4,2019-03-04,2019-03-04,25402000.0,25402000.0,45518000.0,-28079000.0,17439000.0,-22499000.0,-16723000.0,-4820000.0,-956000.0,-5060000.0,159000.0,145000.0,-4901000,,-4901000,-36000.0,-4937000,,-4937000,-4937000,LEAF,2018-12-31
652547,USD,2019,Q1,2019-05-08,2019-05-08,25601000.0,25601000.0,34038000.0,-21730000.0,12308000.0,-22664000.0,-16178000.0,-5569000.0,-917000.0,-10356000.0,111000.0,118000.0,-10245000,,-10245000,-41000.0,-10286000,,-10286000,-10286000,LEAF,2019-03-31
652547,USD,2019,Q2,2019-08-05,2019-08-05,25907000.0,25907000.0,35789000.0,-20991000.0,14798000.0,-21605000.0,-15600000.0,-5110000.0,-895000.0,-6807000.0,79000.0,60000.0,-6728000,,-6728000,-34000.0,-6762000,,-6762000,-6762000,LEAF,2019-06-30
652547,USD,2019,Q3,2019-11-07,2020-10-29,26089000.0,26089000.0,40030000.0,-23328000.0,16702000.0,-21224000.0,-15444000.0,-4973000.0,-807000.0,-4522000.0,33000.0,39000.0,-4489000,,-4489000,4000.0,-4485000,,-4485000,-4485000,LEAF,2019-09-30
652547,USD,2019,Q4,2020-03-16,2020-10-29,26243000.0,26243000.0,45099000.0,-26564000.0,18535000.0,-23892000.0,-17930000.0,-5228000.0,-734000.0,-5357000.0,42000.0,8000.0,-5315000,,-5315000,10000.0,-5305000,,-5305000,-5305000,LEAF,2019-12-31
652547,USD,2020,Q1,2020-05-11,2021-05-06,26424000.0,26424000.0,32865000.0,-21426000.0,11439000.0,-22007000.0,-15754000.0,-5520000.0,-733000.0,-10568000.0,-56000.0,-66000.0,-10624000,,-10624000,-52000.0,-10676000,,-10676000,-10676000,LEAF,2020-03-31
