SimFinId,Currency,Fiscal Year,Fiscal Period,Publish Date,Restated Date,Shares (Basic),Shares (Diluted),Revenue,Cost of Revenue,Gross Profit,Operating Expenses,"Selling, General & Administrative",Research & Development,Depreciation & Amortization,Operating Income (Loss),Non-Operating Income (Loss),"Interest Expense, Net","Pretax Income (Loss), Adj.",Abnormal Gains (Losses),Pretax Income (Loss),"Income Tax (Expense) Benefit, Net",Income (Loss) from Continuing Operations,Net Extraordinary Gains (Losses),Net Income,Net Income (Common),Ticker,Report_Date
107326,USD,2009,Q3,2009-07-30,2010-08-02,5847600000.0,7079600000.0,1646000000.0,,1646000000.0,-822000000.0,-668000000.0,,-57000000.0,824000000.0,475000000.0,-30000000.0,1299000000,,1299000000,-568000000.0,731000000,,731000000,731000000,V,2009-06-30
107326,USD,2009,Q4,2009-11-20,2011-11-18,5631800000.0,6783800000.0,1879000000.0,,1879000000.0,-1012000000.0,-840000000.0,,-61000000.0,867000000.0,-6000000.0,-25000000.0,861000000,,861000000,-349000000.0,512000000,,512000000,512000000,V,2009-09-30
107326,USD,2010,Q1,2010-02-03,2011-02-02,5553000000.0,6661000000.0,1960000000.0,,1960000000.0,-743000000.0,-576000000.0,,-62000000.0,1217000000.0,-9000000.0,-16000000.0,1208000000,,1208000000,-445000000.0,763000000,,763000000,763000000,V,2009-12-31
107326,USD,2010,Q2,2010-05-03,2011-05-05,5457000000.0,6537000000.0,1959000000.0,,1959000000.0,-837000000.0,-677000000.0,,-62000000.0,1122000000.0,-9000000.0,-28000000.0,1113000000,,1113000000,-401000000.0,712000000,,713000000,713000000,V,2010-03-31
107326,USD,2010,Q3,2010-08-02,2011-07-29,5177000000.0,6153000000.0,2029000000.0,,2029000000.0,-892000000.0,-726000000.0,,-63000000.0,1137000000.0,-15000000.0,-13000000.0,1122000000,,1122000000,-406000000.0,716000000,,716000000,716000000,V,2010-06-30
107326,USD,2010,Q4,2010-11-19,2012-11-16,5161000000.0,6109000000.0,2117000000.0,,2117000000.0,-1004000000.0,-807000000.0,,-78000000.0,1113000000.0,82000000.0,-15000000.0,1195000000,,1195000000,-422000000.0,773000000,,774000000,774000000,V,2010-09-30
107326,USD,2011,Q1,2011-02-02,2012-02-08,5097000000.0,5997000000.0,2238000000.0,,2238000000.0,-872000000.0,-725000000.0,,-67000000.0,1366000000.0,16000000.0,4000000.0,1382000000,,1382000000,-498000000.0,884000000,,884000000,884000000,V,2010-12-31
107326,USD,2011,Q2,2011-05-05,2012-05-02,4917000000.0,5753000000.0,2245000000.0,,2245000000.0,-862000000.0,-712000000.0,,-70000000.0,1383000000.0,-6000000.0,-12000000.0,1377000000,,1377000000,-497000000.0,880000000,,881000000,881000000,V,2011-03-31
107326,USD,2011,Q3,2011-07-29,2012-07-27,4645000000.0,5377000000.0,2322000000.0,,2322000000.0,-977000000.0,-812000000.0,,-74000000.0,1345000000.0,198000000.0,-11000000.0,1543000000,,1543000000,-539000000.0,1004000000,,1005000000,1005000000,V,2011-06-30
107326,USD,2011,Q4,2011-11-18,2013-11-22,4433000000.0,5133000000.0,2383000000.0,,2383000000.0,-1021000000.0,-838000000.0,,-77000000.0,1362000000.0,-8000000.0,,1354000000,,1354000000,-476000000.0,878000000,,880000000,880000000,V,2011-09-30
107326,USD,2012,Q1,2012-02-08,2013-02-06,4433000000.0,5113000000.0,2547000000.0,,2547000000.0,-929000000.0,-751000000.0,,-80000000.0,1618000000.0,-1000000.0,,1617000000,,1617000000,-590000000.0,1027000000,,1029000000,1029000000,V,2011-12-31
107326,USD,2012,Q2,2012-05-02,2013-05-01,4385000000.0,4993000000.0,2578000000.0,,2578000000.0,-972000000.0,-789000000.0,,-80000000.0,1606000000.0,3000000.0,,1609000000,,1609000000,-317000000.0,1292000000,,1292000000,1292000000,V,2012-03-31
107326,USD,2012,Q3,2012-07-27,2013-07-24,4357000000.0,4945000000.0,2565000000.0,,2565000000.0,-5172000000.0,-4986000000.0,,-84000000.0,-2607000000.0,0.0,,-2607000000,,-2607000000,768000000.0,-1839000000,,-1839000000,-1839000000,V,2012-06-30
107326,USD,2012,Q4,2012-11-16,2014-11-21,4301000000.0,4889000000.0,2731000000.0,,2731000000.0,-1209000000.0,-1009000000.0,,-89000000.0,1522000000.0,66000000.0,,1588000000,,1588000000,74000000.0,1662000000,,1662000000,1662000000,V,2012-09-30
107326,USD,2013,Q1,2013-02-06,2014-01-30,4221000000.0,4773000000.0,2846000000.0,,2846000000.0,-1046000000.0,-844000000.0,,-92000000.0,1800000000.0,1000000.0,,1801000000,,1801000000,-508000000.0,1293000000,,1293000000,1293000000,V,2012-12-31
107326,USD,2013,Q2,2013-05-01,2014-04-24,4161000000.0,4705000000.0,2958000000.0,,2958000000.0,-1098000000.0,-881000000.0,,-98000000.0,1860000000.0,-3000000.0,,1857000000,,1857000000,-587000000.0,1270000000,,1270000000,1270000000,V,2013-03-31
107326,USD,2013,Q3,2013-07-24,2014-07-24,4125000000.0,4669000000.0,3001000000.0,,3001000000.0,-1173000000.0,-955000000.0,,-101000000.0,1828000000.0,5000000.0,,1833000000,,1833000000,-608000000.0,1225000000,,1225000000,1225000000,V,2013-06-30
107326,USD,2013,Q4,2013-11-22,2015-11-20,2596250000.0,3140250000.0,2973000000.0,,2973000000.0,-1222000000.0,-994000000.0,,-106000000.0,1751000000.0,15000000.0,,1766000000,,1766000000,-574000000.0,1192000000,,1192000000,1192000000,V,2013-09-30
107326,USD,2014,Q1,2014-01-30,2015-01-29,4069000000.0,4605000000.0,3155000000.0,,3155000000.0,-1078000000.0,-839000000.0,,-107000000.0,2077000000.0,6000000.0,,2083000000,,2083000000,-676000000.0,1407000000,,1407000000,1407000000,V,2013-12-31
107326,USD,2014,Q2,2014-04-24,2015-04-30,2511250000.0,3042250000.0,3163000000.0,,3163000000.0,-1115000000.0,-888000000.0,,-107000000.0,2048000000.0,13000000.0,,2061000000,,2061000000,-463000000.0,1598000000,,1598000000,1598000000,V,2014-03-31
107326,USD,2014,Q3,2014-07-24,2015-07-23,2490250000.0,3019250000.0,3155000000.0,,3155000000.0,-1135000000.0,-899000000.0,,-109000000.0,2020000000.0,10000000.0,,2030000000,,2030000000,-670000000.0,1360000000,,1360000000,1360000000,V,2014-06-30
107326,USD,2014,Q4,2014-11-21,2016-11-15,934500000.0,1458500000.0,3229000000.0,,3229000000.0,-1677000000.0,-1437000000.0,,-112000000.0,1552000000.0,-2000000.0,,1550000000,0.0,1550000000,-477000000.0,1073000000,,1073000000,1073000000,V,2014-09-30
107326,USD,2015,Q1,2015-01-29,2016-01-28,2466250000.0,2970250000.0,3382000000.0,,3382000000.0,-1144000000.0,-910000000.0,,-120000000.0,2238000000.0,24000000.0,-3000000.0,2262000000,,2262000000,-693000000.0,1569000000,,1569000000,1569000000,V,2014-12-31
107326,USD,2015,Q2,2015-04-30,2016-04-25,2447250000.0,2944250000.0,3409000000.0,,3409000000.0,-1128000000.0,-894000000.0,,-125000000.0,2281000000.0,1000000.0,-7000000.0,2282000000,,2282000000,-732000000.0,1550000000,,1550000000,1550000000,V,2015-03-31
107326,USD,2015,Q3,2015-07-23,2016-07-25,2439250000.0,2932250000.0,3518000000.0,,3518000000.0,-1256000000.0,-1009000000.0,,-130000000.0,2262000000.0,-94000000.0,8000000.0,2168000000,0.0,2168000000,-471000000.0,1697000000,,1697000000,1697000000,V,2015-06-30
107326,USD,2015,Q4,2015-11-20,2017-11-17,2432250000.0,2950250000.0,3571000000.0,,3571000000.0,-1288000000.0,-1035000000.0,,-119000000.0,2283000000.0,0.0,-1000000.0,2283000000,0.0,2283000000,-771000000.0,1512000000,,1512000000,1512000000,V,2015-09-30
107326,USD,2016,Q1,2016-01-28,2017-02-02,2421250000.0,2914250000.0,3565000000.0,,3565000000.0,-1169000000.0,-921000000.0,,-120000000.0,2396000000.0,243000000.0,-29000000.0,2639000000,,2639000000,-698000000.0,1941000000,,1941000000,1941000000,V,2015-12-31
107326,USD,2016,Q2,2016-04-25,2017-04-21,2389250000.0,2881250000.0,3626000000.0,,3626000000.0,-1192000000.0,-945000000.0,,-121000000.0,2434000000.0,7000000.0,-132000000.0,2441000000,,2441000000,-734000000.0,1707000000,,1707000000,1707000000,V,2016-03-31
107326,USD,2016,Q3,2016-07-25,2017-07-20,2375250000.0,2862250000.0,3630000000.0,,3630000000.0,-1325000000.0,-1082000000.0,,-120000000.0,2305000000.0,-6000000.0,-131000000.0,2299000000,-1877000000.0,422000000,-10000000.0,412000000,,412000000,412000000,V,2016-06-30
107326,USD,2016,Q4,2016-11-15,2017-11-17,2359250000.0,2919250000.0,4261000000.0,,4261000000.0,-1636000000.0,-1334000000.0,,-141000000.0,2625000000.0,-115000000.0,-135000000.0,2510000000,0.0,2510000000,-579000000.0,1931000000,,1931000000,1931000000,V,2016-09-30
107326,USD,2017,Q1,2017-02-02,2017-02-02,2332250000.0,2893250000.0,4461000000.0,,4461000000.0,-1361000000.0,-1070000000.0,,-146000000.0,3100000000.0,-121000000.0,-140000000.0,2979000000,,2979000000,-909000000.0,2070000000,,2070000000,2070000000,V,2016-12-31
107326,USD,2017,Q2,2017-04-21,2017-04-21,2318250000.0,2870250000.0,4477000000.0,,4477000000.0,-1669000000.0,-1388000000.0,,-131000000.0,2808000000.0,-106000000.0,-135000000.0,2702000000,,2702000000,-2272000000.0,430000000,,430000000,430000000,V,2017-03-31
107326,USD,2017,Q3,2017-07-20,2017-07-20,2300250000.0,2845250000.0,4565000000.0,,4565000000.0,-1541000000.0,-1251000000.0,,-132000000.0,3024000000.0,-110000000.0,-140000000.0,2914000000,0.0,2914000000,-855000000.0,2059000000,,2059000000,2059000000,V,2017-06-30
107326,USD,2017,Q4,2017-11-17,2017-11-17,2270250000.0,2812250000.0,4855000000.0,,4855000000.0,-1643000000.0,-1329000000.0,,-147000000.0,3212000000.0,-113000000.0,-148000000.0,3099000000,0.0,3099000000,-959000000.0,2140000000,,2140000000,2140000000,V,2017-09-30
107326,USD,2018,Q1,2018-02-01,2018-02-01,2267250000.0,2809250000.0,4862000000.0,,4862000000.0,-1535000000.0,-1230000000.0,,-145000000.0,3327000000.0,-88000000.0,-154000000.0,3239000000,,3239000000,-717000000.0,2522000000,,2522000000,2522000000,V,2017-12-31
107326,USD,2018,Q2,2018-04-27,2018-04-27,2250250000.0,2789250000.0,5073000000.0,,5073000000.0,-1737000000.0,-1415000000.0,,-153000000.0,3336000000.0,-119000000.0,-153000000.0,3217000000,,3217000000,-612000000.0,2605000000,,2605000000,2605000000,V,2018-03-31
107326,USD,2018,Q3,2018-07-27,2018-07-27,2236250000.0,2773250000.0,5240000000.0,,5240000000.0,-2355000000.0,-2034000000.0,,-152000000.0,2885000000.0,-73000000.0,-155000000.0,2812000000,,2812000000,-483000000.0,2329000000,,2329000000,2329000000,V,2018-06-30
107326,USD,2018,Q4,2018-11-16,2018-11-16,2223250000.0,2753250000.0,5434000000.0,,5434000000.0,-2028000000.0,-1677000000.0,,-163000000.0,3406000000.0,132000000.0,-150000000.0,3538000000,0.0,3538000000,-693000000.0,2845000000,,2845000000,2845000000,V,2018-09-30
107326,USD,2019,Q1,2019-01-31,2019-01-31,2212250000.0,2743250000.0,5506000000.0,,5506000000.0,-1789000000.0,-1457000000.0,,-159000000.0,3717000000.0,-87000000.0,-145000000.0,3630000000,,3630000000,-653000000.0,2977000000,,2977000000,2977000000,V,2018-12-31
107326,USD,2019,Q2,2019-04-26,2019-04-26,2200250000.0,2731250000.0,5494000000.0,,5494000000.0,-1853000000.0,-1522000000.0,,-160000000.0,3641000000.0,36000000.0,-140000000.0,3677000000,,3677000000,-700000000.0,2977000000,,2977000000,2977000000,V,2019-03-31
107326,USD,2019,Q3,2019-07-26,2019-07-26,2187250000.0,2717250000.0,5840000000.0,,5840000000.0,-1932000000.0,-1583000000.0,,-165000000.0,3908000000.0,-42000000.0,-128000000.0,3866000000,,3866000000,-765000000.0,3101000000,,3101000000,3101000000,V,2019-06-30
107326,USD,2019,Q4,2019-11-14,2019-11-14,2177250000.0,2705250000.0,6137000000.0,,6137000000.0,-2402000000.0,-2037000000.0,,-172000000.0,3735000000.0,-24000000.0,-120000000.0,3711000000,,3711000000,-686000000.0,3025000000,,3025000000,3025000000,V,2019-09-30
107326,USD,2020,Q1,2020-01-31,2021-01-29,2161250000.0,2688250000.0,6054000000.0,,6054000000.0,-1857000000.0,-1569000000.0,,-182000000.0,4197000000.0,-42000000.0,-111000000.0,4155000000,-181000000.0,3974000000,-702000000.0,3272000000,,3272000000,3272000000,V,2019-12-31
107326,USD,2020,Q2,2020-05-04,2021-04-29,2151250000.0,2676250000.0,5854000000.0,,5854000000.0,-1922000000.0,-1444000000.0,,-192000000.0,3932000000.0,-95000000.0,-118000000.0,3837000000,-8000000.0,3829000000,-745000000.0,3084000000,,3084000000,3084000000,V,2020-03-31
