SimFinId,Currency,Fiscal Year,Fiscal Period,Publish Date,Restated Date,Shares (Basic),Shares (Diluted),Revenue,Cost of Revenue,Gross Profit,Operating Expenses,"Selling, General & Administrative",Research & Development,Depreciation & Amortization,Operating Income (Loss),Non-Operating Income (Loss),"Interest Expense, Net","Pretax Income (Loss), Adj.",Abnormal Gains (Losses),Pretax Income (Loss),"Income Tax (Expense) Benefit, Net",Income (Loss) from Continuing Operations,Net Extraordinary Gains (Losses),Net Income,Net Income (Common),Ticker,Report_Date
704562,USD,2011,Q2,2011-08-05,2012-08-03,26416000.0,26416000.0,73609000.0,,73609000.0,-36677000.0,-6390000.0,-12121000.0,-10743000.0,36932000.0,-43352000.0,-43399000.0,-6420000,-448000.0,-6868000,,-6868000,,-6868000,-6868000,CQP,2011-06-30
704562,USD,2011,Q3,2011-11-07,2012-11-02,27910000.0,27910000.0,64907000.0,,64907000.0,-35384000.0,-5824000.0,-9894000.0,-10766000.0,29523000.0,-43286000.0,-43319000.0,-13763000,-716000.0,-14479000,,-14479000,,-14479000,-14479000,CQP,2011-09-30
704562,USD,2011,Q4,2012-02-24,2014-02-21,27910000.0,27910000.0,70922000.0,,70922000.0,-56419000.0,-12035000.0,-6976000.0,-25637000.0,14503000.0,-43420000.0,-43475000.0,-28917000,-1087000.0,-30004000,,-30004000,,-7463000,-7463000,CQP,2011-12-31
704562,USD,2012,Q1,2012-05-04,2013-05-03,31017000.0,31017000.0,69323000.0,,69323000.0,-44432000.0,-6793000.0,-17900000.0,-10629000.0,24891000.0,-43387000.0,-43458000.0,-18496000,-836000.0,-19332000,,-19332000,,-19332000,-19332000,CQP,2012-03-31
704562,USD,2012,Q2,2012-08-03,2013-08-02,31328000.0,31328000.0,61423000.0,,61423000.0,-48673000.0,-8121000.0,-15503000.0,-14336000.0,12750000.0,-43397000.0,-43458000.0,-30647000,261000.0,-30386000,,-30386000,,-24861000,-24861000,CQP,2012-06-30
704562,USD,2012,Q3,2012-11-02,2013-11-08,33470000.0,33470000.0,66358000.0,,66358000.0,-74534000.0,-41608000.0,-4331000.0,-14489000.0,-8176000.0,-43481000.0,-43626000.0,-51657000,287000.0,-51370000,,-51370000,,-42422000,-42422000,CQP,2012-09-30
704562,USD,2012,Q4,2013-03-01,2015-02-20,33470000.0,33470000.0,67394000.0,,67394000.0,-58614000.0,-16875000.0,-2502000.0,-18334000.0,8780000.0,-40882000.0,-41104000.0,-32102000,-42241000.0,-74343000,,-74343000,,-63521000,-63521000,CQP,2012-12-31
704562,USD,2013,Q1,2013-05-10,2014-05-01,45547000.0,45547000.0,66108000.0,,66108000.0,-60438000.0,-26990000.0,-3935000.0,-14304000.0,5670000.0,-39935000.0,-40262000.0,-34265000,-17468000.0,-51733000,,-51733000,,-42487000,-42487000,CQP,2013-03-31
704562,USD,2013,Q2,2013-08-09,2014-07-31,57079000.0,57079000.0,67637000.0,,67637000.0,-88064000.0,-38571000.0,-3929000.0,-14355000.0,-20427000.0,-41582000.0,-42016000.0,-62009000,14999000.0,-47010000,,-47010000,,-37862000,-37862000,CQP,2013-06-30
704562,USD,2013,Q3,2013-11-08,2014-10-30,57079000.0,57079000.0,67446000.0,,67446000.0,-90803000.0,-44957000.0,-1488000.0,-14491000.0,-23357000.0,-52417000.0,-52528000.0,-75774000,-22335000.0,-98109000,,-98109000,,-98353000,-98353000,CQP,2013-09-30
704562,USD,2013,Q4,2014-02-21,2016-02-19,57235000.0,57235000.0,67000000.0,,67000000.0,-60915000.0,-30888000.0,-3372000.0,-14336000.0,6085000.0,-43369000.0,-43594000.0,-37284000,-23981000.0,-61265000,,-61265000,,-61265000,-61265000,CQP,2013-12-31
704562,USD,2014,Q1,2014-05-01,2015-04-30,57079000.0,57079000.0,67221000.0,,67221000.0,-62135000.0,-30519000.0,-3648000.0,-14318000.0,5086000.0,-40138000.0,-40270000.0,-35052000,-34681000.0,-69733000,,-69733000,,-69733000,-69733000,CQP,2014-03-31
704562,USD,2014,Q2,2014-08-11,2015-07-30,57079000.0,57079000.0,67328000.0,,67328000.0,-75054000.0,-27206000.0,-4034000.0,-14722000.0,-7726000.0,-43985000.0,-43789000.0,-51711000,-174513000.0,-226224000,,-226224000,,-226224000,-226224000,CQP,2014-06-30
704562,USD,2014,Q3,2014-11-10,2015-10-30,57079000.0,57079000.0,67590000.0,,67590000.0,-69452000.0,-26902000.0,-1712000.0,-14781000.0,-1862000.0,-46757000.0,-46884000.0,-48619000,5379000.0,-43240000,,-43240000,,-43240000,-43240000,CQP,2014-09-30
704562,USD,2014,Q4,2015-02-20,2017-02-24,57079000.0,57079000.0,66559000.0,342000.0,66901000.0,-61884000.0,-30549000.0,-1078000.0,-14780000.0,5017000.0,-45935000.0,-46089000.0,-40918000,-29921000.0,-70839000,,-70839000,,-70839000,-70839000,CQP,2014-12-31
704562,USD,2015,Q1,2015-05-11,2016-05-05,57080000.0,57080000.0,67530000.0,-693000.0,66837000.0,-76659000.0,-25112000.0,-1355000.0,-14879000.0,-9822000.0,-42724000.0,-42845000.0,-52546000,-126130000.0,-178676000,,-178676000,,-178676000,-178676000,CQP,2015-03-31
704562,USD,2015,Q2,2015-08-07,2016-08-09,57080000.0,57080000.0,67689000.0,-91000.0,67598000.0,-71916000.0,-37553000.0,-1573000.0,-15991000.0,-4318000.0,-49913000.0,-50148000.0,-54231000,-5812000.0,-60043000,,-60043000,,-60043000,-60043000,CQP,2015-06-30
704562,USD,2015,Q3,2015-11-09,2016-11-03,57081000.0,57081000.0,67537000.0,31774000.0,99311000.0,-63390000.0,-29365000.0,-265000.0,-16687000.0,35921000.0,-49181000.0,-49360000.0,-13260000,-10872000.0,-24132000,,-24132000,,-24132000,-24132000,CQP,2015-09-30
704562,USD,2015,Q4,2016-02-29,2018-02-21,57159000.0,57159000.0,67244000.0,10000.0,67254000.0,-86035000.0,-44970000.0,-807000.0,-18443000.0,-18781000.0,-42182000.0,-42647000.0,-60963000,4814000.0,-56149000,,-56149000,,-56149000,-56149000,CQP,2015-12-31
704562,USD,2016,Q1,2016-05-05,2017-05-04,57100000.0,57100000.0,67000000.0,-4000000.0,63000000.0,-73000000.0,-25000000.0,,-19000000.0,-10000000.0,-43000000.0,-43000000.0,-53000000,-22000000.0,-75000000,,-75000000,,-75000000,-75000000,CQP,2016-03-31
704562,USD,2016,Q2,2016-08-09,2017-08-08,57100000.0,57100000.0,151000000.0,-49000000.0,102000000.0,-89000000.0,-25000000.0,0.0,-29000000.0,13000000.0,-71000000.0,-72000000.0,-58000000,-42000000.0,-100000000,,-100000000,,-100000000,-100000000,CQP,2016-06-30
704562,USD,2016,Q3,2016-11-03,2017-11-09,57100000.0,57100000.0,331000000.0,-160000000.0,171000000.0,-123000000.0,-27000000.0,0.0,-44000000.0,48000000.0,-114000000.0,-114000000.0,-66000000,-16000000.0,-82000000,,-82000000,,-82000000,-82000000,CQP,2016-09-30
704562,USD,2016,Q4,2017-02-24,2018-02-21,57100000.0,57100000.0,551000000.0,-199000000.0,352000000.0,-153000000.0,-26000000.0,0.0,-64000000.0,199000000.0,-127000000.0,-128000000.0,72000000,14000000.0,86000000,,86000000,,86000000,86000000,CQP,2016-12-31
704562,USD,2017,Q1,2017-05-04,2018-05-04,57100000.0,57100000.0,891000000.0,-513000000.0,378000000.0,-159000000.0,-25000000.0,,-66000000.0,219000000.0,-130000000.0,-130000000.0,89000000,-42000000.0,47000000,,47000000,,47000000,47000000,CQP,2017-03-31
704562,USD,2017,Q2,2017-08-08,2018-08-09,57100000.0,57100000.0,992000000.0,-577000000.0,415000000.0,-215000000.0,-25000000.0,-1000000.0,-86000000.0,200000000.0,-151000000.0,-154000000.0,49000000,-3000000.0,46000000,,46000000,,46000000,46000000,CQP,2017-06-30
704562,USD,2017,Q3,2017-11-09,2017-11-09,247200000.0,247200000.0,903000000.0,-490000000.0,413000000.0,-216000000.0,-23000000.0,-1000000.0,-87000000.0,197000000.0,-150000000.0,-153000000.0,47000000,-24000000.0,23000000,,23000000,,23000000,23000000,CQP,2017-09-30
704562,USD,2017,Q4,2018-02-21,2018-02-21,352600000.0,352600000.0,1518000000.0,-740000000.0,778000000.0,-238000000.0,-19000000.0,-1000000.0,-100000000.0,540000000.0,-172000000.0,-177000000.0,368000000,6000000.0,374000000,,374000000,,374000000,374000000,CQP,2017-12-31
704562,USD,2018,Q1,2018-05-04,2018-05-04,348600000.0,348600000.0,1593000000.0,-837000000.0,756000000.0,-248000000.0,-22000000.0,,-105000000.0,508000000.0,-181000000.0,-185000000.0,327000000,8000000.0,335000000,,335000000,,335000000,335000000,CQP,2018-03-31
704562,USD,2018,Q2,2018-08-09,2018-08-09,348600000.0,348600000.0,1407000000.0,-698000000.0,709000000.0,-254000000.0,-19000000.0,-1000000.0,-106000000.0,455000000.0,-177000000.0,-184000000.0,278000000,3000000.0,281000000,,281000000,,281000000,281000000,CQP,2018-06-30
704562,USD,2018,Q3,2018-11-08,2018-11-08,348600000.0,348600000.0,1529000000.0,-756000000.0,773000000.0,-273000000.0,-21000000.0,-1000000.0,-107000000.0,500000000.0,-175000000.0,-183000000.0,325000000,-18000000.0,307000000,,307000000,,307000000,307000000,CQP,2018-09-30
704562,USD,2018,Q4,2019-02-26,2019-02-26,348600000.0,348600000.0,1897000000.0,-1112000000.0,785000000.0,-261000000.0,-22000000.0,0.0,-106000000.0,524000000.0,-174000000.0,-181000000.0,350000000,1000000.0,351000000,,351000000,,351000000,351000000,CQP,2018-12-31
704562,USD,2019,Q1,2019-05-09,2019-05-09,348600000.0,348600000.0,1749000000.0,-879000000.0,870000000.0,-305000000.0,-24000000.0,,-114000000.0,565000000.0,-178000000.0,-187000000.0,387000000,-2000000.0,385000000,,385000000,,385000000,385000000,CQP,2019-03-31
704562,USD,2019,Q2,2019-08-08,2019-08-08,348600000.0,348600000.0,1705000000.0,-880000000.0,825000000.0,-367000000.0,-30000000.0,0.0,-138000000.0,458000000.0,-223000000.0,-230000000.0,235000000,-3000000.0,232000000,,232000000,,232000000,232000000,CQP,2019-06-30
704562,USD,2019,Q3,2019-11-01,2019-11-01,348600000.0,348600000.0,1476000000.0,-748000000.0,728000000.0,-381000000.0,-37000000.0,0.0,-138000000.0,347000000.0,-223000000.0,-231000000.0,124000000,-14000000.0,110000000,,110000000,,110000000,110000000,CQP,2019-09-30
704562,USD,2019,Q4,2020-02-25,2020-02-25,348600000.0,348600000.0,1908000000.0,-874000000.0,1034000000.0,-357000000.0,-22000000.0,0.0,-137000000.0,677000000.0,-228000000.0,-237000000.0,449000000,-1000000.0,448000000,,448000000,,448000000,448000000,CQP,2019-12-31
704562,USD,2020,Q1,2020-04-30,2021-05-04,348600000.0,348600000.0,1718000000.0,-699000000.0,1019000000.0,-350000000.0,-27000000.0,,-138000000.0,669000000.0,-228000000.0,-234000000.0,441000000,-6000000.0,435000000,,435000000,,435000000,435000000,CQP,2020-03-31
