SimFinId,Currency,Fiscal Year,Fiscal Period,Publish Date,Restated Date,Shares (Basic),Shares (Diluted),Revenue,Cost of Revenue,Gross Profit,Operating Expenses,"Selling, General & Administrative",Research & Development,Depreciation & Amortization,Operating Income (Loss),Non-Operating Income (Loss),"Interest Expense, Net","Pretax Income (Loss), Adj.",Abnormal Gains (Losses),Pretax Income (Loss),"Income Tax (Expense) Benefit, Net",Income (Loss) from Continuing Operations,Net Extraordinary Gains (Losses),Net Income,Net Income (Common),Ticker,Report_Date
740329,USD,2013,Q4,2014-01-31,2016-02-26,309635700.0,309635700.0,2643000000.0,-1005000000.0,1638000000.0,-1549000000.0,-429000000.0,,-148000000.0,89000000.0,-210000000.0,-215000000.0,-121000000,229000000.0,108000000,-46000000.0,62000000,,26000000,26000000,HLT,2013-12-31
740329,USD,2014,Q1,2014-05-09,2015-04-29,328300500.0,328300500.0,2363000000.0,-948000000.0,1415000000.0,-1077000000.0,-97000000.0,,-153000000.0,338000000.0,-131000000.0,-152000000.0,207000000,0.0,207000000,-83000000.0,124000000,,123000000,123000000,HLT,2014-03-31
740329,USD,2014,Q2,2014-08-01,2015-07-29,328300500.0,328300500.0,2667000000.0,-1021000000.0,1646000000.0,-1211000000.0,-133000000.0,,-158000000.0,435000000.0,-102000000.0,-153000000.0,333000000,0.0,333000000,-121000000.0,212000000,,209000000,209000000,HLT,2014-06-30
740329,USD,2014,Q3,2014-10-31,2015-10-28,328300500.0,328967100.0,2644000000.0,-1015000000.0,1629000000.0,-1184000000.0,-119000000.0,,-159000000.0,445000000.0,-131000000.0,-154000000.0,314000000,0.0,314000000,-127000000.0,187000000,,183000000,183000000,HLT,2014-09-30
740329,USD,2014,Q4,2015-02-18,2017-02-15,327098500.0,330431900.0,2828000000.0,-1035000000.0,1793000000.0,-1338000000.0,-142000000.0,,-158000000.0,455000000.0,-162000000.0,-149000000.0,293000000,0.0,293000000,-134000000.0,159000000,,158000000,158000000,HLT,2014-12-31
740329,USD,2015,Q1,2015-04-29,2016-04-27,328633800.0,329300400.0,2599000000.0,-1002000000.0,1597000000.0,-1252000000.0,-127000000.0,,-175000000.0,345000000.0,-177000000.0,-138000000.0,168000000,145000000.0,313000000,-163000000.0,150000000,,150000000,150000000,HLT,2015-03-31
740329,USD,2015,Q2,2015-07-29,2016-07-27,328967100.0,329633700.0,2922000000.0,-1037000000.0,1885000000.0,-1455000000.0,-221000000.0,,-173000000.0,430000000.0,-115000000.0,-147000000.0,315000000,-3000000.0,312000000,-145000000.0,167000000,,161000000,161000000,HLT,2015-06-30
740329,USD,2015,Q3,2015-10-28,2016-10-26,328967100.0,329633700.0,2895000000.0,-1017000000.0,1878000000.0,-1379000000.0,-145000000.0,,-171000000.0,499000000.0,-133000000.0,-135000000.0,366000000,164000000.0,530000000,-247000000.0,283000000,,279000000,279000000,HLT,2015-09-30
740329,USD,2015,Q4,2016-02-26,2018-02-14,329432000.0,331432200.0,-1283000000.0,1642000000.0,359000000.0,-847000000.0,-44000000.0,,134000000.0,-488000000.0,9000000.0,43000000.0,-479000000,-143000000.0,-622000000,903000000.0,281000000,535000000.0,814000000,814000000,HLT,2015-12-31
740329,USD,2016,Q1,2016-04-27,2017-05-02,329000000.0,330000000.0,1726000000.0,-307000000.0,1419000000.0,-1216000000.0,-83000000.0,,-92000000.0,203000000.0,-118000000.0,-90000000.0,85000000,-15000000.0,70000000,121000000.0,191000000,119000000.0,309000000,309000000,HLT,2016-03-31
740329,USD,2016,Q2,2016-07-27,2017-07-26,329000000.0,330000000.0,1950000000.0,-349000000.0,1601000000.0,-1318000000.0,-97000000.0,,-91000000.0,283000000.0,-121000000.0,-99000000.0,162000000,1000000.0,163000000,-63000000.0,100000000,144000000.0,239000000,239000000,HLT,2016-06-30
740329,USD,2016,Q3,2016-10-26,2017-10-26,329000000.0,331000000.0,1867000000.0,-325000000.0,1542000000.0,-1267000000.0,-107000000.0,,-90000000.0,275000000.0,-117000000.0,-97000000.0,158000000,0.0,158000000,-69000000.0,89000000,103000000.0,187000000,187000000,HLT,2016-09-30
740329,USD,2016,Q4,2017-02-15,2019-02-13,329000000.0,325000000.0,1033000000.0,-298000000.0,735000000.0,-570000000.0,-122000000.0,,-80000000.0,165000000.0,-38000000.0,-48000000.0,127000000,22000000.0,149000000,-546000000.0,-397000000,5000000.0,-397000000,-397000000,HLT,2016-12-31
740329,USD,2017,Q1,2017-05-02,2018-04-26,330000000.0,331000000.0,1896000000.0,-268000000.0,1628000000.0,-1388000000.0,-106000000.0,,-86000000.0,240000000.0,-114000000.0,-89000000.0,126000000,-60000000.0,66000000,-18000000.0,48000000,,47000000,47000000,HLT,2017-03-31
740329,USD,2017,Q2,2017-07-26,2018-07-25,327000000.0,329000000.0,2076000000.0,-327000000.0,1749000000.0,-1414000000.0,-118000000.0,,-83000000.0,335000000.0,-85000000.0,-86000000.0,250000000,0.0,250000000,-99000000.0,151000000,,150000000,150000000,HLT,2017-06-30
740329,USD,2017,Q3,2017-10-26,2018-10-24,322000000.0,325000000.0,2091000000.0,-340000000.0,1751000000.0,-1412000000.0,-106000000.0,,-83000000.0,339000000.0,-83000000.0,-85000000.0,256000000,0.0,256000000,-96000000.0,160000000,,158000000,158000000,HLT,2017-09-30
740329,USD,2017,Q4,2018-02-14,2019-02-13,317000000.0,323000000.0,2068000000.0,-334000000.0,1734000000.0,-1460000000.0,-109000000.0,,-84000000.0,274000000.0,-93000000.0,-91000000.0,181000000,0.0,181000000,549000000.0,730000000,0.0,729000000,729000000,HLT,2017-12-31
740329,USD,2018,Q1,2018-04-26,2018-04-26,316000000.0,319000000.0,2074000000.0,-320000000.0,1754000000.0,-1461000000.0,-104000000.0,,-82000000.0,293000000.0,-72000000.0,-83000000.0,221000000,0.0,221000000,-58000000.0,163000000,,161000000,161000000,HLT,2018-03-31
740329,USD,2018,Q2,2018-07-25,2018-07-25,301000000.0,303000000.0,2291000000.0,-352000000.0,1939000000.0,-1521000000.0,-115000000.0,,-79000000.0,418000000.0,-120000000.0,-95000000.0,298000000,0.0,298000000,-81000000.0,217000000,,217000000,217000000,HLT,2018-06-30
740329,USD,2018,Q3,2018-10-24,2018-10-24,297000000.0,300000000.0,2253000000.0,-331000000.0,1922000000.0,-1527000000.0,-109000000.0,,-81000000.0,395000000.0,-102000000.0,-99000000.0,293000000,0.0,293000000,-129000000.0,164000000,,162000000,162000000,HLT,2018-09-30
740329,USD,2018,Q4,2019-02-13,2021-02-17,294000000.0,298000000.0,2288000000.0,-329000000.0,1959000000.0,-1582000000.0,-115000000.0,,-83000000.0,377000000.0,-111000000.0,-94000000.0,266000000,0.0,266000000,-41000000.0,225000000,,224000000,224000000,HLT,2018-12-31
740329,USD,2019,Q1,2019-05-01,2019-05-01,293000000.0,295000000.0,2204000000.0,-298000000.0,1906000000.0,-1574000000.0,-107000000.0,,-84000000.0,332000000.0,-114000000.0,-98000000.0,218000000,,218000000,-59000000.0,159000000,,158000000,158000000,HLT,2019-03-31
740329,USD,2019,Q2,2019-07-24,2019-07-24,290000000.0,292000000.0,2484000000.0,-334000000.0,2150000000.0,-1657000000.0,-113000000.0,,-86000000.0,493000000.0,-131000000.0,-101000000.0,362000000,,362000000,-101000000.0,261000000,,260000000,260000000,HLT,2019-06-30
740329,USD,2019,Q3,2019-10-23,2019-10-23,285000000.0,288000000.0,2395000000.0,-310000000.0,2085000000.0,-1636000000.0,-107000000.0,,-86000000.0,449000000.0,-109000000.0,-105000000.0,340000000,81000000.0,421000000,-131000000.0,290000000,,288000000,288000000,HLT,2019-09-30
740329,USD,2019,Q4,2020-02-11,2020-02-11,280000000.0,285000000.0,2369000000.0,-312000000.0,2057000000.0,-1683000000.0,-114000000.0,,-90000000.0,374000000.0,-131000000.0,-110000000.0,243000000,0.0,243000000,-67000000.0,176000000,,175000000,175000000,HLT,2019-12-31
740329,USD,2020,Q1,2020-05-07,2021-05-05,277000000.0,280000000.0,1920000000.0,-239000000.0,1681000000.0,-1501000000.0,-60000000.0,,-91000000.0,180000000.0,-85000000.0,-94000000.0,95000000,-112000000.0,-17000000,35000000.0,18000000,,18000000,18000000,HLT,2020-03-31
