SimFinId,Currency,Fiscal Year,Fiscal Period,Publish Date,Restated Date,Shares (Basic),Shares (Diluted),Revenue,Cost of Revenue,Gross Profit,Operating Expenses,"Selling, General & Administrative",Research & Development,Depreciation & Amortization,Operating Income (Loss),Non-Operating Income (Loss),"Interest Expense, Net","Pretax Income (Loss), Adj.",Abnormal Gains (Losses),Pretax Income (Loss),"Income Tax (Expense) Benefit, Net",Income (Loss) from Continuing Operations,Net Extraordinary Gains (Losses),Net Income,Net Income (Common),Ticker,Report_Date
728955,USD,2011,Q2,2011-08-09,2012-08-09,5263000.0,5393000.0,114530000.0,-77824000.0,36706000.0,-23573000.0,-21052000.0,,,13133000.0,-83000.0,-126000.0,13050000,,13050000,-4520000.0,8530000,,8386000,8386000,PLPC,2011-06-30
728955,USD,2011,Q3,2011-11-07,2012-11-08,5253000.0,5381000.0,108690000.0,-71130000.0,37560000.0,-27480000.0,-21782000.0,,,10080000.0,148000.0,-46000.0,10228000,,10228000,-3568000.0,6660000,,6660000,6660000,PLPC,2011-09-30
728955,USD,2011,Q4,2012-03-14,2014-03-14,5248000.0,5258000.0,106096000.0,-71904000.0,34192000.0,-22176000.0,-18389000.0,,,12016000.0,451000.0,-20000.0,12467000,0.0,12467000,-3527000.0,8940000,,8940000,8940000,PLPC,2011-12-31
728955,USD,2012,Q1,2012-05-08,2013-05-03,5334000.0,5438000.0,108846000.0,-72834000.0,36012000.0,-23907000.0,-20903000.0,,,12105000.0,86000.0,-59000.0,12191000,,12191000,-4058000.0,8133000,,8133000,8133000,PLPC,2012-03-31
728955,USD,2012,Q2,2012-08-09,2013-08-09,5332000.0,5441000.0,111940000.0,-74974000.0,36966000.0,-27292000.0,-21655000.0,,,9674000.0,239000.0,30000.0,9913000,,9913000,-3317000.0,6596000,,6596000,6596000,PLPC,2012-06-30
728955,USD,2012,Q3,2012-11-08,2013-11-07,5319000.0,5431000.0,114206000.0,-75699000.0,38507000.0,-25348000.0,-22132000.0,,,13159000.0,251000.0,16000.0,13410000,,13410000,-4126000.0,9284000,,9284000,9284000,PLPC,2012-09-30
728955,USD,2012,Q4,2013-03-15,2015-03-12,5311000.0,5174000.0,104200000.0,-71247000.0,32953000.0,-23769000.0,-18625000.0,,,9184000.0,129000.0,64000.0,9313000,0.0,9313000,-4040000.0,5273000,,5273000,5273000,PLPC,2012-12-31
728955,USD,2013,Q1,2013-05-03,2014-05-02,5377000.0,5457000.0,98689000.0,-67390000.0,31299000.0,-24432000.0,-20541000.0,,,6867000.0,50000.0,13000.0,6917000,,6917000,-1952000.0,4965000,,4965000,4965000,PLPC,2013-03-31
728955,USD,2013,Q2,2013-08-09,2014-08-08,5368000.0,5450000.0,111716000.0,-74167000.0,37549000.0,-27060000.0,-21418000.0,,,10489000.0,191000.0,29000.0,10680000,,10680000,-4294000.0,6386000,,6386000,6386000,PLPC,2013-06-30
728955,USD,2013,Q3,2013-11-07,2014-11-07,5361000.0,5449000.0,100828000.0,-69168000.0,31660000.0,-23393000.0,-19260000.0,,,8267000.0,277000.0,83000.0,8544000,,8544000,-2440000.0,6104000,,6104000,6104000,PLPC,2013-09-30
728955,USD,2013,Q4,2014-03-14,2016-03-11,5338000.0,5512000.0,98543000.0,-68150000.0,30393000.0,-24006000.0,-19042000.0,,,6387000.0,128000.0,43000.0,6515000,-862000.0,5653000,-2521000.0,3132000,,3132000,3132000,PLPC,2013-12-31
728955,USD,2014,Q1,2014-05-02,2015-05-05,5392000.0,5431000.0,89925000.0,-62477000.0,27448000.0,-23235000.0,-19663000.0,,,4213000.0,-76000.0,-52000.0,4137000,,4137000,-1399000.0,2738000,,2738000,2738000,PLPC,2014-03-31
728955,USD,2014,Q2,2014-08-08,2015-08-06,5389000.0,5393000.0,99981000.0,-68784000.0,31197000.0,-23585000.0,-19897000.0,,,7612000.0,-6000.0,-104000.0,7606000,,7606000,-2526000.0,5080000,,5080000,5080000,PLPC,2014-06-30
728955,USD,2014,Q3,2014-11-07,2015-11-09,5372000.0,5376000.0,102100000.0,-69645000.0,32455000.0,-27320000.0,-19597000.0,,,5135000.0,159000.0,-3000.0,5294000,,5294000,-2739000.0,2555000,,2555000,2555000,PLPC,2014-09-30
728955,USD,2014,Q4,2015-03-12,2017-03-10,5355000.0,5328000.0,96179000.0,-66331000.0,29848000.0,-25570000.0,-19061000.0,,,4278000.0,95000.0,-16000.0,4373000,,4373000,-1885000.0,2488000,,2488000,2488000,PLPC,2014-12-31
728955,USD,2015,Q1,2015-05-05,2016-05-06,5396000.0,5396000.0,85790000.0,-61030000.0,24760000.0,-24845000.0,-17393000.0,,,-85000.0,26000.0,-31000.0,-59000,,-59000,-197000.0,-256000,,-256000,-256000,PLPC,2015-03-31
728955,USD,2015,Q2,2015-08-06,2016-08-05,5392000.0,5393000.0,87869000.0,-61425000.0,26444000.0,-21259000.0,-17143000.0,,,5185000.0,-719000.0,-37000.0,4466000,,4466000,-786000.0,3680000,,3680000,3680000,PLPC,2015-06-30
728955,USD,2015,Q3,2015-11-09,2016-11-04,5356000.0,5372000.0,89046000.0,-62887000.0,26159000.0,-24073000.0,-15903000.0,,,2086000.0,55000.0,-38000.0,2141000,,2141000,-1935000.0,206000,,206000,206000,PLPC,2015-09-30
728955,USD,2015,Q4,2016-03-11,2018-03-09,5256000.0,5303000.0,91961000.0,-65872000.0,26089000.0,-20926000.0,-17032000.0,,,5163000.0,-5000.0,-68000.0,5158000,,5158000,-2113000.0,3045000,,3045000,3045000,PLPC,2015-12-31
728955,USD,2016,Q1,2016-05-06,2017-05-05,5211000.0,5229000.0,78682000.0,-54393000.0,24289000.0,-20602000.0,-17717000.0,,,3687000.0,-31000.0,-83000.0,3656000,,3656000,-998000.0,2658000,,2658000,2658000,PLPC,2016-03-31
728955,USD,2016,Q2,2016-08-05,2017-08-04,5186000.0,5208000.0,83220000.0,-56414000.0,26806000.0,-22727000.0,-19145000.0,,,4079000.0,-306000.0,-98000.0,3773000,,3773000,-1018000.0,2755000,,2755000,2755000,PLPC,2016-06-30
728955,USD,2016,Q3,2016-11-04,2017-11-03,5146000.0,5169000.0,88299000.0,-59444000.0,28855000.0,-22230000.0,-18601000.0,,,6625000.0,-91000.0,-201000.0,6534000,,6534000,-1792000.0,4742000,,4742000,4742000,PLPC,2016-09-30
728955,USD,2016,Q4,2017-03-10,2018-03-09,5121000.0,5106000.0,86433000.0,-56969000.0,29464000.0,-22376000.0,-18393000.0,,,7088000.0,-98000.0,-171000.0,6990000,,6990000,-1890000.0,5100000,,5100000,5100000,PLPC,2016-12-31
728955,USD,2017,Q1,2017-05-05,2018-05-04,5118000.0,5130000.0,84569000.0,-59904000.0,24665000.0,-22407000.0,-18613000.0,,,2258000.0,-140000.0,-195000.0,2118000,,2118000,-600000.0,1518000,,1518000,1518000,PLPC,2017-03-31
728955,USD,2017,Q2,2017-08-04,2018-08-03,5116000.0,5127000.0,97512000.0,-67839000.0,29673000.0,-23379000.0,-19398000.0,,,6294000.0,-36000.0,-117000.0,6258000,,6258000,-2102000.0,4156000,,4156000,4156000,PLPC,2017-06-30
728955,USD,2017,Q3,2017-11-03,2017-11-03,5104000.0,5120000.0,99239000.0,-65704000.0,33535000.0,-23725000.0,-19999000.0,,,9810000.0,-71000.0,-193000.0,9739000,,9739000,-3461000.0,6278000,,6278000,6278000,PLPC,2017-09-30
728955,USD,2017,Q4,2018-03-09,2018-03-09,5070000.0,5155000.0,96892000.0,-66137000.0,30755000.0,-23009000.0,-19198000.0,,,7746000.0,-55000.0,-126000.0,7691000,,7691000,-6989000.0,702000,,702000,702000,PLPC,2017-12-31
728955,USD,2018,Q1,2018-05-04,2018-05-04,5046000.0,5064000.0,98139000.0,-66621000.0,31518000.0,-23773000.0,-19777000.0,,,7745000.0,-116000.0,-185000.0,7629000,,7629000,-2101000.0,5528000,,5528000,5528000,PLPC,2018-03-31
728955,USD,2018,Q2,2018-08-03,2018-08-03,5044000.0,5064000.0,108915000.0,-73712000.0,35203000.0,-25870000.0,-20759000.0,,,9333000.0,-109000.0,-214000.0,9224000,,9224000,-2489000.0,6735000,,6735000,6735000,PLPC,2018-06-30
728955,USD,2018,Q3,2018-11-08,2018-11-08,5025000.0,5138000.0,108413000.0,-74922000.0,33491000.0,-25476000.0,-20620000.0,,,8015000.0,-159000.0,-253000.0,7856000,,7856000,1198000.0,9054000,,9054000,9054000,PLPC,2018-09-30
728955,USD,2018,Q4,2019-03-08,2019-03-08,5013000.0,5162000.0,105411000.0,-73392000.0,32019000.0,-24178000.0,-20600000.0,,,7841000.0,38000.0,-152000.0,7879000,,7879000,-2615000.0,5264000,,5264000,5264000,PLPC,2018-12-31
728955,USD,2019,Q1,2019-05-03,2019-05-03,5045000.0,5054000.0,97153000.0,-69888000.0,27265000.0,-25219000.0,-20731000.0,,,2046000.0,-118000.0,-189000.0,1928000,,1928000,-104000.0,1824000,,1824000,1824000,PLPC,2019-03-31
728955,USD,2019,Q2,2019-08-02,2019-08-02,5049000.0,5058000.0,114842000.0,-77035000.0,37807000.0,-26692000.0,-21939000.0,,,11115000.0,-265000.0,-362000.0,10850000,,10850000,-2984000.0,7866000,,7904000,7904000,PLPC,2019-06-30
728955,USD,2019,Q3,2019-11-01,2019-11-01,5024000.0,5119000.0,119217000.0,-79874000.0,39343000.0,-27700000.0,-22685000.0,,,11643000.0,-386000.0,-524000.0,11257000,,11257000,-3213000.0,8044000,,7951000,7951000,PLPC,2019-09-30
728955,USD,2019,Q4,2020-03-06,2020-03-06,5006000.0,5117000.0,113649000.0,-77469000.0,36180000.0,-28357000.0,-23060000.0,,,7823000.0,-400000.0,-359000.0,7423000,,7423000,-1821000.0,5602000,,5624000,5624000,PLPC,2019-12-31
728955,USD,2020,Q1,2020-05-01,2021-04-30,5008000.0,5017000.0,102852000.0,-69942000.0,32910000.0,-27757000.0,-22339000.0,,,5153000.0,-49000.0,-598000.0,5104000,,5104000,-1451000.0,3653000,,3698000,3698000,PLPC,2020-03-31
