SimFinId,Currency,Fiscal Year,Fiscal Period,Publish Date,Restated Date,Shares (Basic),Shares (Diluted),Revenue,Cost of Revenue,Gross Profit,Operating Expenses,"Selling, General & Administrative",Research & Development,Depreciation & Amortization,Operating Income (Loss),Non-Operating Income (Loss),"Interest Expense, Net","Pretax Income (Loss), Adj.",Abnormal Gains (Losses),Pretax Income (Loss),"Income Tax (Expense) Benefit, Net",Income (Loss) from Continuing Operations,Net Extraordinary Gains (Losses),Net Income,Net Income (Common),Ticker,Report_Date
331628,USD,2009,Q2,2009-07-31,2010-08-03,130000000.0,130000000.0,1280000000.0,,1280000000.0,-723000000.0,-687000000.0,,-36000000.0,557000000.0,-21000000.0,-32000000.0,536000000,,536000000,-187000000.0,349000000,,349000000,349000000,MA,2009-06-30
331628,USD,2009,Q3,2009-11-03,2010-11-02,130000000.0,130000000.0,1364000000.0,,1364000000.0,-685000000.0,-649000000.0,,-36000000.0,679000000.0,0.0,-24000000.0,679000000,-6000000.0,673000000,-221000000.0,452000000,,452000000,452000000,MA,2009-09-30
331628,USD,2009,Q4,2010-04-22,2012-02-16,130000000.0,130000000.0,1299000000.0,,1299000000.0,-836000000.0,-798000000.0,,-38000000.0,463000000.0,-10000000.0,-23000000.0,453000000,6000000.0,459000000,-164000000.0,295000000,,295000000,295000000,MA,2009-12-31
331628,USD,2010,Q1,2010-05-04,2011-05-03,130000000.0,131000000.0,1308000000.0,,1308000000.0,-608000000.0,-573000000.0,,-35000000.0,700000000.0,-5000000.0,-15000000.0,695000000,,695000000,-240000000.0,455000000,,455000000,455000000,MA,2010-03-31
331628,USD,2010,Q2,2010-08-03,2011-08-03,131000000.0,131000000.0,1365000000.0,,1365000000.0,-648000000.0,-613000000.0,,-35000000.0,717000000.0,-4000000.0,-17000000.0,713000000,,713000000,-255000000.0,458000000,,458000000,458000000,MA,2010-06-30
331628,USD,2010,Q3,2010-11-02,2011-11-02,131000000.0,131000000.0,1428000000.0,,1428000000.0,-662000000.0,-626000000.0,,-36000000.0,766000000.0,1000000.0,-11000000.0,767000000,,767000000,-248000000.0,519000000,,518000000,518000000,MA,2010-09-30
331628,USD,2010,Q4,2011-02-24,2013-02-14,132000000.0,131000000.0,1438000000.0,,1438000000.0,-869000000.0,-827000000.0,,-42000000.0,569000000.0,13000000.0,-9000000.0,582000000,0.0,582000000,-167000000.0,415000000,,415000000,415000000,MA,2010-12-31
331628,USD,2011,Q1,2011-05-03,2012-05-02,130000000.0,131000000.0,1501000000.0,,1501000000.0,-665000000.0,-623000000.0,,-42000000.0,836000000.0,0.0,-10000000.0,836000000,,836000000,-274000000.0,562000000,,562000000,562000000,MA,2011-03-31
331628,USD,2011,Q2,2011-08-03,2012-08-01,127000000.0,128000000.0,1667000000.0,,1667000000.0,-782000000.0,-733000000.0,,-49000000.0,885000000.0,7000000.0,-2000000.0,892000000,0.0,892000000,-284000000.0,608000000,,608000000,608000000,MA,2011-06-30
331628,USD,2011,Q3,2011-11-02,2012-10-31,127000000.0,127000000.0,1818000000.0,,1818000000.0,-816000000.0,-765000000.0,,-51000000.0,1002000000.0,28000000.0,-6000000.0,1030000000,0.0,1030000000,-314000000.0,716000000,,717000000,717000000,MA,2011-09-30
331628,USD,2011,Q4,2012-02-16,2014-02-14,4732000000.0,4750000000.0,1728000000.0,,1728000000.0,-968000000.0,-916000000.0,,-52000000.0,760000000.0,0.0,-7000000.0,760000000,-770000000.0,-10000000,30000000.0,20000000,,19000000,19000000,MA,2011-12-31
331628,USD,2012,Q1,2012-05-02,2013-05-01,1266000000.0,1271000000.0,1758000000.0,,1758000000.0,-758000000.0,-704000000.0,,-54000000.0,1000000000.0,0.0,-6000000.0,1000000000,,1000000000,-318000000.0,682000000,,682000000,682000000,MA,2012-03-31
331628,USD,2012,Q2,2012-08-01,2013-07-31,1259000000.0,1263000000.0,1820000000.0,,1820000000.0,-826000000.0,-770000000.0,,-56000000.0,994000000.0,-1000000.0,-3000000.0,993000000,-20000000.0,973000000,-273000000.0,700000000,,700000000,700000000,MA,2012-06-30
331628,USD,2012,Q3,2012-10-31,2013-10-31,1247000000.0,1251000000.0,1918000000.0,,1918000000.0,-854000000.0,-796000000.0,,-58000000.0,1064000000.0,2000000.0,-4000000.0,1066000000,0.0,1066000000,-294000000.0,772000000,,772000000,772000000,MA,2012-09-30
331628,USD,2012,Q4,2013-02-14,2015-02-13,1240000000.0,1247000000.0,1895000000.0,,1895000000.0,-996000000.0,-934000000.0,,-62000000.0,899000000.0,-5000000.0,-7000000.0,894000000,0.0,894000000,-289000000.0,605000000,,605000000,605000000,MA,2012-12-31
331628,USD,2013,Q1,2013-05-01,2014-05-01,1226000000.0,1230000000.0,1906000000.0,,1906000000.0,-799000000.0,-737000000.0,,-62000000.0,1107000000.0,-5000000.0,-5000000.0,1102000000,,1102000000,-336000000.0,766000000,,766000000,766000000,MA,2013-03-31
331628,USD,2013,Q2,2013-07-31,2014-07-31,1214000000.0,1217000000.0,2096000000.0,,2096000000.0,-868000000.0,-807000000.0,,-61000000.0,1228000000.0,5000000.0,-5000000.0,1233000000,,1233000000,-385000000.0,848000000,,848000000,848000000,MA,2013-06-30
331628,USD,2013,Q3,2013-10-31,2014-10-30,1205000000.0,1209000000.0,2218000000.0,,2218000000.0,-970000000.0,-906000000.0,,-64000000.0,1248000000.0,6000000.0,3000000.0,1254000000,,1254000000,-375000000.0,879000000,,879000000,879000000,MA,2013-09-30
331628,USD,2013,Q4,2014-02-14,2016-02-12,1199000000.0,1204000000.0,2092000000.0,,2092000000.0,-1077000000.0,-1006000000.0,,-71000000.0,1015000000.0,-9000000.0,-7000000.0,1006000000,-95000000.0,911000000,-288000000.0,623000000,,623000000,623000000,MA,2013-12-31
331628,USD,2014,Q1,2014-05-01,2015-04-29,1185000000.0,1189000000.0,2172000000.0,,2172000000.0,-887000000.0,-814000000.0,,-73000000.0,1285000000.0,-4000000.0,-6000000.0,1281000000,,1281000000,-411000000.0,870000000,,870000000,870000000,MA,2014-03-31
331628,USD,2014,Q2,2014-07-31,2015-07-29,1165000000.0,1169000000.0,2368000000.0,,2368000000.0,-985000000.0,-904000000.0,,-81000000.0,1383000000.0,-10000000.0,-15000000.0,1373000000,0.0,1373000000,-442000000.0,931000000,,931000000,931000000,MA,2014-06-30
331628,USD,2014,Q3,2014-10-30,2015-10-29,1157000000.0,1160000000.0,2490000000.0,,2490000000.0,-1070000000.0,-987000000.0,,-83000000.0,1420000000.0,-2000000.0,-11000000.0,1418000000,0.0,1418000000,-403000000.0,1015000000,,1015000000,1015000000,MA,2014-09-30
331628,USD,2014,Q4,2015-02-13,2017-02-15,1153000000.0,1158000000.0,2411000000.0,,2411000000.0,-1393000000.0,-1309000000.0,,-84000000.0,1018000000.0,-11000000.0,-16000000.0,1007000000,0.0,1007000000,-206000000.0,801000000,,801000000,801000000,MA,2014-12-31
331628,USD,2015,Q1,2015-04-29,2016-04-28,1148000000.0,1152000000.0,2230000000.0,,2230000000.0,-879000000.0,-792000000.0,,-87000000.0,1351000000.0,-11000000.0,-17000000.0,1340000000,,1340000000,-320000000.0,1020000000,,1020000000,1020000000,MA,2015-03-31
331628,USD,2015,Q2,2015-07-29,2016-07-28,1138000000.0,1141000000.0,2390000000.0,,2390000000.0,-1078000000.0,-986000000.0,,-92000000.0,1312000000.0,-10000000.0,-17000000.0,1302000000,-61000000.0,1241000000,-320000000.0,921000000,,921000000,921000000,MA,2015-06-30
331628,USD,2015,Q3,2015-10-29,2016-10-28,1130000000.0,1133000000.0,2530000000.0,,2530000000.0,-1161000000.0,-1067000000.0,,-94000000.0,1369000000.0,-17000000.0,-15000000.0,1352000000,0.0,1352000000,-375000000.0,977000000,,977000000,977000000,MA,2015-09-30
331628,USD,2015,Q4,2016-02-12,2018-02-14,1120000000.0,1122000000.0,2517000000.0,,2517000000.0,-1410000000.0,-1317000000.0,,-93000000.0,1107000000.0,-82000000.0,-12000000.0,1025000000,0.0,1025000000,-135000000.0,890000000,,890000000,890000000,MA,2015-12-31
331628,USD,2016,Q1,2016-04-28,2017-05-02,1109000000.0,1112000000.0,2446000000.0,,2446000000.0,-1098000000.0,-1003000000.0,,-95000000.0,1348000000.0,-11000000.0,-20000000.0,1337000000,0.0,1337000000,-378000000.0,959000000,,959000000,959000000,MA,2016-03-31
331628,USD,2016,Q2,2016-07-28,2017-07-27,1098000000.0,1101000000.0,2694000000.0,,2694000000.0,-1207000000.0,-1114000000.0,,-93000000.0,1487000000.0,-15000000.0,-22000000.0,1472000000,-107000000.0,1365000000,-382000000.0,983000000,,983000000,983000000,MA,2016-06-30
331628,USD,2016,Q3,2016-10-28,2017-10-31,1096000000.0,1099000000.0,2880000000.0,,2880000000.0,-1210000000.0,-1117000000.0,,-93000000.0,1670000000.0,-37000000.0,-23000000.0,1633000000,0.0,1633000000,-449000000.0,1184000000,,1184000000,1184000000,MA,2016-09-30
331628,USD,2016,Q4,2017-02-15,2019-02-13,1089000000.0,1092000000.0,2756000000.0,,2756000000.0,-1383000000.0,-1291000000.0,,-92000000.0,1373000000.0,-52000000.0,-30000000.0,1321000000,-10000000.0,1311000000,-378000000.0,933000000,,933000000,933000000,MA,2016-12-31
331628,USD,2017,Q1,2017-05-02,2018-05-02,1078000000.0,1082000000.0,2734000000.0,,2734000000.0,-1213000000.0,-1121000000.0,,-92000000.0,1521000000.0,-28000000.0,-39000000.0,1493000000,-15000000.0,1478000000,-397000000.0,1081000000,,1081000000,1081000000,MA,2017-03-31
331628,USD,2017,Q2,2017-07-27,2018-07-26,1070000000.0,1075000000.0,3053000000.0,,3053000000.0,-1400000000.0,-1289000000.0,,-111000000.0,1653000000.0,-25000000.0,-39000000.0,1628000000,0.0,1628000000,-451000000.0,1177000000,,1177000000,1177000000,MA,2017-06-30
331628,USD,2017,Q3,2017-10-31,2018-10-30,1063000000.0,1068000000.0,3398000000.0,,3398000000.0,-1457000000.0,-1339000000.0,,-118000000.0,1941000000.0,-9000000.0,-35000000.0,1932000000,0.0,1932000000,-502000000.0,1430000000,,1430000000,1430000000,MA,2017-09-30
331628,USD,2017,Q4,2018-02-14,2019-02-13,1057000000.0,1063000000.0,3312000000.0,,3312000000.0,-1790000000.0,-1675000000.0,,-115000000.0,1522000000.0,-38000000.0,-41000000.0,1484000000,0.0,1484000000,-1257000000.0,227000000,,227000000,227000000,MA,2017-12-31
331628,USD,2018,Q1,2018-05-02,2018-05-02,1051000000.0,1057000000.0,3580000000.0,,3580000000.0,-1638000000.0,-1518000000.0,,-120000000.0,1942000000.0,-22000000.0,-43000000.0,1920000000,-117000000.0,1803000000,-311000000.0,1492000000,,1492000000,1492000000,MA,2018-03-31
331628,USD,2018,Q2,2018-07-26,2018-07-26,1043000000.0,1049000000.0,3665000000.0,,3665000000.0,-1504000000.0,-1389000000.0,,-115000000.0,2161000000.0,-14000000.0,-48000000.0,2147000000,-225000000.0,1922000000,-353000000.0,1569000000,,1569000000,1569000000,MA,2018-06-30
331628,USD,2018,Q3,2018-10-30,2018-10-30,1037000000.0,1043000000.0,3898000000.0,,3898000000.0,-1582000000.0,-1471000000.0,,-111000000.0,2316000000.0,-23000000.0,-48000000.0,2293000000,-29000000.0,2264000000,-365000000.0,1899000000,,1899000000,1899000000,MA,2018-09-30
331628,USD,2018,Q4,2019-02-13,2019-02-13,1033000000.0,1039000000.0,3807000000.0,,3807000000.0,-1816000000.0,-1703000000.0,,-113000000.0,1991000000.0,-19000000.0,-47000000.0,1972000000,-757000000.0,1215000000,-316000000.0,899000000,,899000000,899000000,MA,2018-12-31
331628,USD,2019,Q1,2019-04-30,2019-04-30,1026000000.0,1032000000.0,3889000000.0,,3889000000.0,-1676000000.0,-1559000000.0,,-117000000.0,2213000000.0,-10000000.0,-46000000.0,2203000000,0.0,2203000000,-341000000.0,1862000000,,1862000000,1862000000,MA,2019-03-31
331628,USD,2019,Q2,2019-07-30,2019-07-30,1020000000.0,1025000000.0,4113000000.0,,4113000000.0,-1716000000.0,-1594000000.0,,-122000000.0,2397000000.0,-21000000.0,-51000000.0,2376000000,143000000.0,2519000000,-471000000.0,2048000000,,2048000000,2048000000,MA,2019-06-30
331628,USD,2019,Q3,2019-10-29,2020-10-28,1013000000.0,1019000000.0,4467000000.0,,4467000000.0,-1812000000.0,-1675000000.0,,-137000000.0,2655000000.0,-21000000.0,-63000000.0,2634000000,-100000000.0,2534000000,-426000000.0,2108000000,,2108000000,2108000000,MA,2019-09-30
331628,USD,2019,Q4,2020-02-14,2020-10-28,1009000000.0,1012000000.0,4414000000.0,,4414000000.0,-2015000000.0,-1869000000.0,,-146000000.0,2399000000.0,-48000000.0,-64000000.0,2351000000,124000000.0,2475000000,-375000000.0,2100000000,,2100000000,2100000000,MA,2019-12-31
331628,USD,2020,Q1,2020-04-29,2021-04-29,1005000000.0,1010000000.0,4009000000.0,,4009000000.0,-1792000000.0,-1648000000.0,,-144000000.0,2217000000.0,-50000000.0,-69000000.0,2167000000,-180000000.0,1987000000,-294000000.0,1693000000,,1693000000,1693000000,MA,2020-03-31
