SimFinId,Currency,Fiscal Year,Fiscal Period,Publish Date,Restated Date,Shares (Basic),Shares (Diluted),Revenue,Cost of Revenue,Gross Profit,Operating Expenses,"Selling, General & Administrative",Research & Development,Depreciation & Amortization,Operating Income (Loss),Non-Operating Income (Loss),"Interest Expense, Net","Pretax Income (Loss), Adj.",Abnormal Gains (Losses),Pretax Income (Loss),"Income Tax (Expense) Benefit, Net",Income (Loss) from Continuing Operations,Net Extraordinary Gains (Losses),Net Income,Net Income (Common),Ticker,Report_Date
642125,USD,2015,Q2,2015-08-05,2016-08-04,58548000.0,95190000.0,400412000.0,-212870000.0,187542000.0,-114830000.0,-84338000.0,-30492000.0,,72712000.0,-45687000.0,-379000.0,27025000,7704000.0,34729000,-17048000.0,17681000,,17681000,7087000,FIT,2015-06-30
642125,USD,2015,Q3,2015-11-02,2016-11-04,206657000.0,243660000.0,409262000.0,-213249000.0,196013000.0,-128703000.0,-85813000.0,-42890000.0,,67310000.0,-960000.0,-216000.0,66350000,0.0,66350000,-20516000.0,45834000,,45834000,45834000,FIT,2015-09-30
642125,USD,2015,Q4,2016-02-05,2018-03-01,213138000.0,247713000.0,711570000.0,-363271000.0,348299000.0,-237762000.0,-183535000.0,-54227000.0,,110537000.0,-58000.0,43000.0,110479000,0.0,110479000,-46314000.0,64165000,,64165000,54303000,FIT,2015-12-31
642125,USD,2016,Q1,2016-05-06,2017-05-05,216043000.0,242009000.0,505356000.0,-271601000.0,233755000.0,-215001000.0,-142753000.0,-72248000.0,,18754000.0,2150000.0,582000.0,20904000,,20904000,-9869000.0,11035000,,11035000,11035000,FIT,2016-03-31
642125,USD,2016,Q2,2016-08-04,2017-08-10,218850000.0,242328000.0,586528000.0,-341559000.0,244969000.0,-235309000.0,-155400000.0,-79909000.0,,9660000.0,376000.0,839000.0,10036000,,10036000,-3695000.0,6341000,,6341000,6341000,FIT,2016-06-30
642125,USD,2016,Q3,2016-11-04,2017-11-06,222412000.0,243687000.0,503802000.0,-263144000.0,240658000.0,-196177000.0,-113205000.0,-82972000.0,,44481000.0,-67000.0,970000.0,44414000,,44414000,-18294000.0,26120000,,26120000,26120000,FIT,2016-09-30
642125,USD,2016,Q4,2017-03-01,2019-03-01,224315000.0,153596000.0,573775000.0,-447273000.0,126502000.0,-311862000.0,-226800000.0,-85062000.0,,-185360000.0,711000.0,765000.0,-184649000,,-184649000,38376000.0,-146273000,,-146273000,-146273000,FIT,2016-12-31
642125,USD,2017,Q1,2017-05-05,2017-05-05,226511000.0,226511000.0,298942000.0,-180643000.0,118299000.0,-209678000.0,-121920000.0,-87758000.0,,-91379000.0,1629000.0,1096000.0,-89750000,,-89750000,29671000.0,-60079000,,-60079000,-60079000,FIT,2017-03-31
642125,USD,2017,Q2,2017-08-10,2017-08-10,230322000.0,230322000.0,353299000.0,-204054000.0,149245000.0,-212654000.0,-132111000.0,-80543000.0,,-63409000.0,496000.0,193000.0,-62913000,,-62913000,4673000.0,-58240000,,-58240000,-58240000,FIT,2017-06-30
642125,USD,2017,Q3,2017-11-06,2017-11-06,234242000.0,234242000.0,392522000.0,-217762000.0,174760000.0,-202396000.0,-118226000.0,-84170000.0,,-27636000.0,460000.0,1162000.0,-27176000,,-27176000,-86227000.0,-113403000,,-113403000,-113403000,FIT,2017-09-30
642125,USD,2017,Q4,2018-03-01,2019-03-01,237053000.0,237053000.0,570756000.0,-322159000.0,248597000.0,-267260000.0,-176719000.0,-90541000.0,,-18663000.0,3858000.0,1196000.0,-14805000,,-14805000,-30665000.0,-45470000,,-45470000,-45470000,FIT,2017-12-31
642125,USD,2018,Q1,2018-05-07,2018-05-07,239431000.0,239431000.0,247865000.0,-133742000.0,114123000.0,-197476000.0,-108140000.0,-89336000.0,,-83353000.0,1867000.0,1350000.0,-81486000,,-81486000,609000.0,-80877000,,-80877000,-80877000,FIT,2018-03-31
642125,USD,2018,Q2,2018-08-06,2018-08-06,242898000.0,242898000.0,299344000.0,-180329000.0,119015000.0,-218103000.0,-131056000.0,-87047000.0,,-99088000.0,4435000.0,2177000.0,-94653000,,-94653000,-23615000.0,-118268000,,-118268000,-118268000,FIT,2018-06-30
642125,USD,2018,Q3,2018-11-05,2018-11-05,245838000.0,245838000.0,393575000.0,-240061000.0,153514000.0,-171328000.0,-91488000.0,-79840000.0,,-17814000.0,-3069000.0,2072000.0,-20883000,,-20883000,18827000.0,-2056000,,-2056000,-2056000,FIT,2018-09-30
642125,USD,2018,Q4,2019-03-01,2019-03-01,250245000.0,250245000.0,571199000.0,-354272000.0,216927000.0,-205980000.0,-130034000.0,-75946000.0,,10947000.0,1933000.0,2209000.0,12880000,,12880000,2492000.0,15372000,,15372000,15372000,FIT,2018-12-31
642125,USD,2019,Q1,2019-05-03,2019-05-03,253124000.0,253124000.0,271890000.0,-182437000.0,89453000.0,-172347000.0,-95308000.0,-77039000.0,,-82894000.0,4739000.0,3466000.0,-78155000,,-78155000,-1310000.0,-79465000,,-79465000,-79465000,FIT,2019-03-31
642125,USD,2019,Q2,2019-08-02,2019-08-02,256160000.0,256160000.0,313556000.0,-205342000.0,108214000.0,-178844000.0,-107925000.0,-70919000.0,,-70630000.0,3083000.0,2622000.0,-67547000,,-67547000,-971000.0,-68518000,,-68518000,-68518000,FIT,2019-06-30
642125,USD,2019,Q3,2019-11-07,2020-11-04,258753000.0,258753000.0,347200000.0,-239248000.0,107952000.0,-160072000.0,-94379000.0,-65693000.0,,-52120000.0,1896000.0,2388000.0,-50224000,,-50224000,-1669000.0,-51893000,,-51893000,-51893000,FIT,2019-09-30
642125,USD,2019,Q4,2020-02-27,2020-11-04,261963000.0,261963000.0,502142000.0,-380089000.0,122053000.0,-237122000.0,-150419000.0,-86703000.0,,-115069000.0,1930000.0,1815000.0,-113139000,,-113139000,-7696000.0,-120835000,,-120835000,-120835000,FIT,2019-12-31
642125,USD,2020,Q1,2020-05-07,2020-05-07,265661000.0,276946000.0,188158000.0,-133236000.0,54922000.0,-180591000.0,-99002000.0,-81589000.0,,-125669000.0,1289000.0,1293000.0,-124380000,,-124380000,144674000.0,20294000,,20294000,20294000,FIT,2020-03-31
