SimFinId,Currency,Fiscal Year,Fiscal Period,Publish Date,Restated Date,Shares (Basic),Shares (Diluted),Revenue,Cost of Revenue,Gross Profit,Operating Expenses,"Selling, General & Administrative",Research & Development,Depreciation & Amortization,Operating Income (Loss),Non-Operating Income (Loss),"Interest Expense, Net","Pretax Income (Loss), Adj.",Abnormal Gains (Losses),Pretax Income (Loss),"Income Tax (Expense) Benefit, Net",Income (Loss) from Continuing Operations,Net Extraordinary Gains (Losses),Net Income,Net Income (Common),Ticker,Report_Date
51961,USD,2003,Q1,2003-08-14,2004-08-09,997895.0,1214650.0,4132000.0,-6739000.0,-2607000.0,-7126000.0,-4676000.0,-2450000.0,,-9733000.0,335000.0,336000.0,-9398000,,-9398000,,-9398000,,-9398000,-9398000,CGRN,2003-06-30
51961,USD,2003,Q2,2003-11-14,2004-11-09,997895.0,1214650.0,2347000.0,-4551000.0,-2204000.0,-7045000.0,-4643000.0,-2402000.0,,-9249000.0,257000.0,257000.0,-8992000,,-8992000,,-8992000,,-8992000,-8992000,CGRN,2003-09-30
51961,USD,2003,Q3,2004-02-17,2005-02-09,997895.0,1214650.0,3251000.0,-6359000.0,-3108000.0,-8722000.0,-5688000.0,-3034000.0,,-11830000.0,263000.0,264000.0,-11567000,,-11567000,,-11567000,,-11567000,-11567000,CGRN,2003-12-31
51961,USD,2003,Q4,2004-06-14,2005-06-29,997895.0,1214650.0,-6948000.0,12693000.0,5745000.0,17066000.0,10186000.0,6880000.0,,22811000.0,-487000.0,-491000.0,22324000,,22324000,-2000.0,22322000,,22322000,22322000,CGRN,2004-03-31
51961,USD,2004,Q1,2004-08-09,2005-08-09,997895.0,1214650.0,2955000.0,-5431000.0,-2476000.0,-8281000.0,-4867000.0,-3414000.0,,-10757000.0,225000.0,224000.0,-10532000,,-10532000,-2000.0,-10534000,,-10534000,-10534000,CGRN,2004-06-30
51961,USD,2004,Q2,2004-11-09,2005-11-09,997895.0,1214650.0,3925000.0,-6039000.0,-2114000.0,-7698000.0,-4779000.0,-2919000.0,,-9812000.0,665000.0,300000.0,-9147000,,-9147000,,-9147000,,-9147000,-9147000,CGRN,2004-09-30
51961,USD,2004,Q3,2005-02-09,2006-02-09,997895.0,1214650.0,4683000.0,-6829000.0,-2146000.0,-8003000.0,-5210000.0,-2793000.0,,-10149000.0,379000.0,376000.0,-9770000,,-9770000,,-9770000,,-9770000,-9770000,CGRN,2004-12-31
51961,USD,2004,Q4,2005-06-29,2006-06-14,997895.0,1214650.0,5405000.0,-7246000.0,-1841000.0,-8561000.0,-5926000.0,-2635000.0,,-10402000.0,404000.0,401000.0,-9998000,,-9998000,0.0,-9998000,,-9998000,-9998000,CGRN,2005-03-31
51961,USD,2005,Q1,2005-08-09,2006-08-09,997895.0,1214650.0,3807000.0,-7224000.0,-3417000.0,-7842000.0,-5737000.0,-2105000.0,,-11259000.0,396000.0,396000.0,-10863000,,-10863000,-2000.0,-10865000,,-10865000,-10865000,CGRN,2005-06-30
51961,USD,2005,Q2,2005-11-09,2006-11-09,997895.0,1214650.0,5705000.0,-6768000.0,-1063000.0,-9516000.0,-6788000.0,-2728000.0,,-10579000.0,380000.0,358000.0,-10199000,,-10199000,,-10199000,,-10199000,-10199000,CGRN,2005-09-30
51961,USD,2005,Q3,2006-02-09,2007-02-09,997895.0,1214650.0,7040000.0,-9793000.0,-2753000.0,-12138000.0,-9045000.0,-3093000.0,,-14891000.0,710000.0,707000.0,-14181000,,-14181000,,-14181000,,-14181000,-14181000,CGRN,2005-12-31
51961,USD,2005,Q4,2006-06-14,2007-06-13,997895.0,1214650.0,7551000.0,-10778000.0,-3227000.0,-9264000.0,-6171000.0,-3093000.0,,-12491000.0,663000.0,659000.0,-11828000,,-11828000,0.0,-11828000,,-11828000,-11828000,CGRN,2006-03-31
51961,USD,2006,Q1,2006-08-09,2007-08-08,997895.0,1214650.0,6566000.0,-7802000.0,-1236000.0,-8721000.0,-5915000.0,-2806000.0,,-9957000.0,627000.0,627000.0,-9330000,,-9330000,-2000.0,-9332000,,-9332000,-9332000,CGRN,2006-06-30
51961,USD,2006,Q2,2006-11-09,2007-11-08,997895.0,1214650.0,2946000.0,-5282000.0,-2336000.0,-8653000.0,-6061000.0,-2592000.0,,-10989000.0,570000.0,570000.0,-10419000,,-10419000,,-10419000,,-10419000,-10419000,CGRN,2006-09-30
51961,USD,2006,Q3,2007-02-09,2008-02-11,997895.0,1214650.0,5715000.0,-6191000.0,-476000.0,-8387000.0,-6366000.0,-2021000.0,,-8863000.0,410000.0,410000.0,-8453000,,-8453000,,-8453000,,-8453000,-8453000,CGRN,2006-12-31
51961,USD,2006,Q4,2007-06-13,2008-06-12,997895.0,1214650.0,5791000.0,-6770000.0,-979000.0,-8228000.0,-6273000.0,-1955000.0,,-9207000.0,683000.0,683000.0,-8524000,,-8524000,0.0,-8524000,,-8524000,-8524000,CGRN,2007-03-31
51961,USD,2007,Q1,2007-08-08,2008-08-11,997895.0,1214650.0,5615000.0,-8088000.0,-2473000.0,-8642000.0,-5893000.0,-2749000.0,,-11115000.0,710000.0,710000.0,-10405000,,-10405000,-2000.0,-10407000,,-10407000,-10407000,CGRN,2007-06-30
51961,USD,2007,Q2,2007-11-08,2008-11-10,997895.0,1214650.0,7219000.0,-7975000.0,-756000.0,-8343000.0,-5910000.0,-2433000.0,,-9099000.0,646000.0,646000.0,-8453000,,-8453000,,-8453000,,-8453000,-8453000,CGRN,2007-09-30
51961,USD,2007,Q3,2008-02-11,2009-02-09,997895.0,1214650.0,9217000.0,-9257000.0,-40000.0,-8223000.0,-6462000.0,-1761000.0,,-8263000.0,575000.0,575000.0,-7688000,,-7688000,,-7688000,,-7688000,-7688000,CGRN,2007-12-31
51961,USD,2007,Q4,2008-06-12,2009-06-15,997895.0,1214650.0,9254000.0,-9785000.0,-531000.0,-9320000.0,-7357000.0,-1963000.0,,-9851000.0,286000.0,286000.0,-9565000,,-9565000,0.0,-9565000,,-9565000,-9565000,CGRN,2008-03-31
51961,USD,2008,Q1,2008-08-11,2009-08-10,997895.0,1214650.0,7524000.0,-8811000.0,-1287000.0,-8730000.0,-6746000.0,-1984000.0,,-10017000.0,202000.0,202000.0,-9815000,,-9815000,-2000.0,-9817000,,-9817000,-9817000,CGRN,2008-06-30
51961,USD,2008,Q2,2008-11-10,2009-11-09,997895.0,1214650.0,13121000.0,-13448000.0,-327000.0,-9737000.0,-7720000.0,-2017000.0,,-10064000.0,153000.0,153000.0,-9911000,,-9911000,,-9911000,,-9911000,-9911000,CGRN,2008-09-30
51961,USD,2008,Q3,2009-02-09,2010-02-09,997895.0,1214650.0,11482000.0,-12083000.0,-601000.0,-9489000.0,-7441000.0,-2048000.0,,-10090000.0,135000.0,135000.0,-9955000,,-9955000,-80000.0,-10035000,,-10035000,-10035000,CGRN,2008-12-31
51961,USD,2008,Q4,2009-06-15,2010-06-14,997895.0,1214650.0,11822000.0,-14935000.0,-3113000.0,-8797000.0,-6721000.0,-2076000.0,,-11910000.0,-44000.0,-44000.0,-11954000,,-11954000,0.0,-11954000,,-11954000,-11954000,CGRN,2009-03-31
51961,USD,2009,Q1,2009-08-10,2010-08-09,997895.0,1214650.0,13725000.0,-16562000.0,-2837000.0,-6984000.0,-6223000.0,-761000.0,,-9821000.0,-124000.0,-124000.0,-9945000,-5197000.0,-15142000,-117000.0,-15259000,,-15259000,-15259000,CGRN,2009-06-30
51961,USD,2009,Q2,2009-11-09,2010-11-09,997895.0,1214650.0,15522000.0,-18520000.0,-2998000.0,-9111000.0,-6840000.0,-2271000.0,,-12109000.0,-143000.0,-143000.0,-12252000,-19558000.0,-31810000,-71000.0,-31881000,,-31881000,-31881000,CGRN,2009-09-30
51961,USD,2009,Q3,2010-02-09,2011-02-07,997895.0,1214650.0,15986000.0,-16204000.0,-218000.0,-9398000.0,-7433000.0,-1965000.0,,-9616000.0,-181000.0,-181000.0,-9797000,2257000.0,-7540000,370000.0,-7170000,,-7170000,-7170000,CGRN,2009-12-31
51961,USD,2009,Q4,2010-06-14,2012-06-14,997895.0,1214650.0,16321000.0,-18713000.0,-2392000.0,-9844000.0,-7887000.0,-1957000.0,,-12236000.0,-217000.0,-217000.0,-12453000,-355000.0,-12808000,-123000.0,-12931000,,-12931000,-12931000,CGRN,2010-03-31
51961,USD,2010,Q1,2010-08-09,2011-08-09,1211350.0,1214650.0,16052000.0,-16564000.0,-512000.0,-7958000.0,-6436000.0,-1522000.0,,-8470000.0,-306000.0,-310000.0,-8776000,9244000.0,468000,-76000.0,392000,,392000,392000,CGRN,2010-06-30
51961,USD,2010,Q2,2010-11-09,2011-11-09,1227550.0,1227550.0,18922000.0,-18803000.0,119000.0,-8651000.0,-6611000.0,-2040000.0,,-8532000.0,-194000.0,-194000.0,-8726000,6937000.0,-1789000,-136000.0,-1925000,,-1925000,-1925000,CGRN,2010-09-30
51961,USD,2010,Q3,2011-02-07,2012-02-09,1228900.0,1228900.0,24159000.0,-23233000.0,926000.0,-7383000.0,-5959000.0,-1424000.0,,-6457000.0,-218000.0,-218000.0,-6675000,-1194000.0,-7869000,-229000.0,-8098000,,-8098000,-8098000,CGRN,2010-12-31
51961,USD,2010,Q4,2011-06-14,2013-06-13,1251020.0,1251020.0,22757000.0,-23827000.0,-1070000.0,-9197000.0,-7197000.0,-2000000.0,,-10267000.0,-119000.0,-147000.0,-10386000,-18654000.0,-29040000,201000.0,-28839000,,-28839000,-28839000,CGRN,2011-03-31
51961,USD,2011,Q1,2011-08-09,2012-08-09,1296830.0,1296830.0,24282000.0,-23775000.0,507000.0,-8802000.0,-6640000.0,-2162000.0,,-8295000.0,-227000.0,-231000.0,-8522000,5626000.0,-2896000,,-2896000,,-2896000,-2896000,CGRN,2011-06-30
51961,USD,2011,Q2,2011-11-09,2012-11-08,1297060.0,1307090.0,27473000.0,-25804000.0,1669000.0,-8829000.0,-6584000.0,-2245000.0,,-7160000.0,-170000.0,-172000.0,-7330000,8594000.0,1264000,,1264000,,1264000,1264000,CGRN,2011-09-30
51961,USD,2011,Q3,2012-02-09,2013-02-11,1330220.0,1330220.0,27483000.0,-25143000.0,2340000.0,-10134000.0,-8311000.0,-1823000.0,,-7794000.0,-241000.0,-237000.0,-8035000,-783000.0,-8818000,,-8818000,,-8818000,-8818000,CGRN,2011-12-31
51961,USD,2011,Q4,2012-06-14,2014-06-12,1414790.0,1414790.0,30133000.0,-29222000.0,911000.0,-9399000.0,-7392000.0,-2007000.0,,-8488000.0,-186000.0,-215000.0,-8674000,546000.0,-8128000,-186000.0,-8314000,,-8314000,-8314000,CGRN,2012-03-31
51961,USD,2012,Q1,2012-08-09,2013-08-08,1497170.0,1497190.0,28812000.0,-26643000.0,2169000.0,-9652000.0,-7448000.0,-2204000.0,,-7483000.0,-169000.0,-191000.0,-7652000,149000.0,-7503000,-272000.0,-7775000,,-7775000,-7775000,CGRN,2012-06-30
51961,USD,2012,Q2,2012-11-08,2013-11-07,1501270.0,1501270.0,30118000.0,-27512000.0,2606000.0,-8841000.0,-6428000.0,-2413000.0,,-6235000.0,-124000.0,-128000.0,-6359000,302000.0,-6057000,-124000.0,-6181000,,-6181000,-6181000,CGRN,2012-09-30
51961,USD,2012,Q3,2013-02-11,2014-02-10,1522090.0,1522090.0,33257000.0,-28639000.0,4618000.0,-9004000.0,-6816000.0,-2188000.0,,-4386000.0,-205000.0,-205000.0,-4591000,304000.0,-4287000,-190000.0,-4477000,,-4477000,-4477000,CGRN,2012-12-31
51961,USD,2012,Q4,2013-06-13,2015-06-15,1522830.0,1522830.0,35370000.0,-30378000.0,4992000.0,-8846000.0,-6672000.0,-2174000.0,,-3854000.0,-194000.0,-193000.0,-4048000,26000.0,-4022000,-108000.0,-4130000,,-4130000,-4130000,CGRN,2013-03-31
51961,USD,2013,Q1,2013-08-08,2014-08-07,1523600.0,1523600.0,24373000.0,-21050000.0,3323000.0,-9903000.0,-7568000.0,-2335000.0,,-6580000.0,-200000.0,-186000.0,-6780000,,-6780000,-18000.0,-6798000,,-6798000,-6798000,CGRN,2013-06-30
51961,USD,2013,Q2,2013-11-20,2014-11-06,1524950.0,1524950.0,35291000.0,-30399000.0,4892000.0,-8597000.0,-6641000.0,-1956000.0,,-3705000.0,-182000.0,-176000.0,-3887000,10000.0,-3877000,-11000.0,-3888000,,-3888000,-3888000,CGRN,2013-09-30
51961,USD,2013,Q3,2014-02-10,2015-02-05,1542035.0,1542035.0,37003000.0,-29668000.0,7335000.0,-9258000.0,-6991000.0,-2267000.0,,-1923000.0,-178000.0,-176000.0,-2101000,,-2101000,-88000.0,-2189000,,-2189000,-2189000,CGRN,2013-12-31
51961,USD,2013,Q4,2014-06-12,2016-06-09,1550615.0,1550615.0,36438000.0,-30292000.0,6146000.0,-9252000.0,-6781000.0,-2471000.0,,-3106000.0,-172000.0,-174000.0,-3278000,0.0,-3278000,-103000.0,-3381000,,-3381000,-3381000,CGRN,2014-03-31
51961,USD,2014,Q1,2014-08-07,2015-08-06,1610545.0,1610545.0,23260000.0,-19844000.0,3416000.0,-10091000.0,-7764000.0,-2327000.0,,-6675000.0,-46000.0,-143000.0,-6721000,,-6721000,-50000.0,-6771000,,-6771000,-6771000,CGRN,2014-06-30
51961,USD,2014,Q2,2014-11-06,2015-11-05,1649325.0,1649325.0,32248000.0,-27005000.0,5243000.0,-11598000.0,-9543000.0,-2055000.0,,-6355000.0,-160000.0,-144000.0,-6515000,,-6515000,-14000.0,-6529000,,-6529000,-6529000,CGRN,2014-09-30
51961,USD,2014,Q3,2015-02-05,2016-02-03,1651200.0,1651200.0,30084000.0,-23978000.0,6106000.0,-9863000.0,-7508000.0,-2355000.0,,-3757000.0,-165000.0,-134000.0,-3922000,,-3922000,-13000.0,-3935000,,-3935000,-3935000,CGRN,2014-12-31
51961,USD,2014,Q4,2015-06-15,2016-06-09,1649330.0,1649330.0,29869000.0,-26347000.0,3522000.0,-17644000.0,-14702000.0,-2942000.0,,-14122000.0,-136000.0,-127000.0,-14258000,,-14258000,-40000.0,-14298000,,-14298000,-14298000,CGRN,2015-03-31
51961,USD,2015,Q1,2015-08-06,2016-08-04,1652800.0,1652800.0,26980000.0,-22295000.0,4685000.0,-10505000.0,-8089000.0,-2416000.0,,-5820000.0,-152000.0,-150000.0,-5972000,,-5972000,-3000.0,-5975000,,-5975000,-5975000,CGRN,2015-06-30
51961,USD,2015,Q2,2015-11-05,2016-11-09,1657800.0,1657800.0,17905000.0,-15977000.0,1928000.0,-9577000.0,-6705000.0,-2872000.0,,-7649000.0,-233000.0,-197000.0,-7882000,,-7882000,,-7882000,,-7882000,-7882000,CGRN,2015-09-30
51961,USD,2015,Q3,2016-02-03,2017-02-09,1782400.0,1782400.0,21459000.0,-17408000.0,4051000.0,-9907000.0,-7002000.0,-2905000.0,,-5856000.0,-159000.0,-159000.0,-6015000,,-6015000,,-6015000,,-6015000,-6015000,CGRN,2015-12-31
51961,USD,2015,Q4,2016-06-09,2017-06-13,2171800.0,2171800.0,18867000.0,-16764000.0,2103000.0,-7269000.0,-5310000.0,-1959000.0,,-5166000.0,-136000.0,-134000.0,-5302000,,-5302000,-17000.0,-5319000,,-5319000,-5319000,CGRN,2016-03-31
51961,USD,2016,Q1,2016-08-04,2017-08-09,2717100.0,2717100.0,19065000.0,-16066000.0,2999000.0,-7367000.0,-5746000.0,-1621000.0,,-4368000.0,-145000.0,-129000.0,-4513000,,-4513000,-3000.0,-4516000,,-4516000,-4516000,CGRN,2016-06-30
51961,USD,2016,Q2,2016-11-09,2017-11-02,3049800.0,3049800.0,14998000.0,-14328000.0,670000.0,-6386000.0,-5036000.0,-1350000.0,,-5716000.0,-149000.0,-122000.0,-5865000,,-5865000,,-5865000,,-5865000,-5865000,CGRN,2016-09-30
51961,USD,2016,Q3,2017-02-09,2018-02-05,3476100.0,3794700.0,20185000.0,-24184000.0,-3999000.0,-6130000.0,-4848000.0,-1282000.0,,-10129000.0,-557000.0,-121000.0,-10686000,,-10686000,,-10686000,,-10686000,-10686000,CGRN,2016-12-31
51961,USD,2016,Q4,2017-06-13,2018-06-07,3586600.0,3268000.0,22921000.0,-20802000.0,2119000.0,-6156000.0,-5021000.0,-1135000.0,,-4037000.0,297000.0,-133000.0,-3740000,-421000.0,-4161000,-16000.0,-4177000,,-4177000,-4177000,CGRN,2017-03-31
51961,USD,2017,Q1,2017-08-09,2018-08-07,4108100.0,4108100.0,19240000.0,-17001000.0,2239000.0,-6109000.0,-4960000.0,-1149000.0,,-3870000.0,-222000.0,-212000.0,-4092000,,-4092000,,-4092000,,-4092000,-4092000,CGRN,2017-06-30
51961,USD,2017,Q2,2017-11-02,2018-11-06,4294100.0,4294100.0,19774000.0,-16758000.0,3016000.0,-5935000.0,-4796000.0,-1139000.0,,-2919000.0,-84000.0,-98000.0,-3003000,-657000.0,-3660000,-7000.0,-3667000,,-3667000,-3667000,CGRN,2017-09-30
51961,USD,2017,Q3,2018-02-05,2019-02-07,4676000.0,4676000.0,22761000.0,-17804000.0,4957000.0,-5014000.0,-4057000.0,-957000.0,,-57000.0,-182000.0,-170000.0,-239000,-84000.0,-323000,,-323000,,-323000,-323000,CGRN,2017-12-31
51961,USD,2017,Q4,2018-06-07,2019-06-11,7457400.0,7457400.0,21062000.0,-16293000.0,4769000.0,-6591000.0,-5796000.0,-795000.0,,-1822000.0,-111000.0,-117000.0,-1933000,0.0,-1933000,-11000.0,-1944000,,-1944000,-1944000,CGRN,2018-03-31
51961,USD,2018,Q1,2018-08-07,2019-08-08,6176200.0,6176200.0,21189000.0,-19367000.0,1822000.0,-6583000.0,-5651000.0,-932000.0,,-4761000.0,-132000.0,-118000.0,-4893000,,-4893000,-4000.0,-4897000,,-4897000,-4897000,CGRN,2018-06-30
51961,USD,2018,Q2,2018-11-08,2019-11-07,6506500.0,6506500.0,22174000.0,-20137000.0,2037000.0,-6199000.0,-5308000.0,-891000.0,,-4162000.0,-193000.0,-186000.0,-4355000,,-4355000,-2000.0,-4357000,,-4357000,-4357000,CGRN,2018-09-30
51961,USD,2018,Q3,2019-02-07,2020-02-06,6954200.0,6954200.0,18030000.0,-15790000.0,2240000.0,-5465000.0,-4574000.0,-891000.0,,-3225000.0,-225000.0,-202000.0,-3450000,,-3450000,,-3450000,,-3450000,-3450000,CGRN,2018-12-31
51961,USD,2018,Q4,2019-06-11,2020-06-29,7160700.0,7160700.0,22019000.0,-18666000.0,3353000.0,-6311000.0,-5425000.0,-886000.0,,-2958000.0,-995000.0,-996000.0,-3953000,,-3953000,-2000.0,-3955000,,-3955000,-3955000,CGRN,2019-03-31
51961,USD,2019,Q1,2019-08-08,2020-08-06,7260000.0,7260000.0,19244000.0,-16379000.0,2865000.0,-7175000.0,-6237000.0,-938000.0,,-4310000.0,-1275000.0,-1276000.0,-5585000,,-5585000,-8000.0,-5593000,,-5593000,-5593000,CGRN,2019-06-30
51961,USD,2019,Q2,2019-11-07,2019-11-07,7650000.0,7650000.0,20740000.0,-17659000.0,3081000.0,-6399000.0,-5499000.0,-900000.0,,-3318000.0,-1130000.0,-1287000.0,-4448000,,-4448000,,-4448000,,-4448000,-4523000,CGRN,2019-09-30
51961,USD,2019,Q3,2020-02-06,2021-02-09,8367000.0,8367000.0,17383000.0,-14755000.0,2628000.0,-6252000.0,-5280000.0,-972000.0,,-3624000.0,-1283000.0,-1289000.0,-4907000,,-4907000,,-4907000,,-4907000,-4907000,CGRN,2019-12-31
51961,USD,2019,Q4,2020-06-29,2021-06-14,9410000.0,9410000.0,11559000.0,-11102000.0,457000.0,-6034000.0,-5195000.0,-839000.0,,-5577000.0,-1369000.0,-1338000.0,-6946000,,-6946000,-4000.0,-6950000,,-6950000,-6962000,CGRN,2020-03-31
