SimFinId,Currency,Fiscal Year,Fiscal Period,Publish Date,Restated Date,Shares (Basic),Shares (Diluted),Revenue,Cost of Revenue,Gross Profit,Operating Expenses,"Selling, General & Administrative",Research & Development,Depreciation & Amortization,Operating Income (Loss),Non-Operating Income (Loss),"Interest Expense, Net","Pretax Income (Loss), Adj.",Abnormal Gains (Losses),Pretax Income (Loss),"Income Tax (Expense) Benefit, Net",Income (Loss) from Continuing Operations,Net Extraordinary Gains (Losses),Net Income,Net Income (Common),Ticker,Report_Date
998690,USD,2010,Q3,2010-11-01,2011-11-02,33975061.0,33975061.0,78612000.0,-64944000.0,13668000.0,-12011000.0,-8134000.0,,-3839000.0,1657000.0,-998000.0,-1000000.0,659000,,659000,-260000.0,399000,-165000.0,234000,234000,RUTH,2010-09-30
998690,USD,2010,Q4,2011-03-04,2013-03-13,33978854.0,42818492.0,91269000.0,-70812000.0,20457000.0,-13586000.0,-9806000.0,,-3777000.0,6871000.0,-766000.0,-926000.0,6105000,-826000.0,5279000,-964000.0,4315000,316000.0,4631000,4631000,RUTH,2010-12-31
998690,USD,2011,Q1,2011-05-06,2012-04-30,34000032.0,43084686.0,97720000.0,-75224000.0,22496000.0,-12518000.0,-8806000.0,,-3711000.0,9978000.0,-1031000.0,-831000.0,8947000,502000.0,9449000,-2845000.0,6604000,327000.0,6931000,6931000,RUTH,2011-03-31
998690,USD,2011,Q2,2011-08-03,2012-07-27,34075604.0,43233207.0,92026000.0,-71536000.0,20490000.0,-12210000.0,-8520000.0,,-3649000.0,8280000.0,-958000.0,-739000.0,7322000,0.0,7322000,1814000.0,9136000,70000.0,9206000,9206000,RUTH,2011-06-30
998690,USD,2011,Q3,2011-11-02,2012-10-31,34147353.0,43338599.0,80186000.0,-67372000.0,12814000.0,-11154000.0,-7388000.0,,-3616000.0,1660000.0,-777000.0,-719000.0,883000,0.0,883000,-114000.0,769000,28000.0,797000,797000,RUTH,2011-09-30
998690,USD,2011,Q4,2012-03-02,2014-03-11,34149427.0,43351912.0,97405000.0,-76431000.0,20974000.0,-13720000.0,-9837000.0,,-3883000.0,7254000.0,-614000.0,-603000.0,6640000,-3478000.0,3162000,-518000.0,2644000,-29000.0,2615000,2615000,RUTH,2011-12-31
998690,USD,2012,Q1,2012-04-30,2013-05-09,34170628.0,34170628.0,100298000.0,-77984000.0,22314000.0,-12398000.0,-8614000.0,,-3707000.0,9916000.0,-493000.0,-481000.0,9423000,-807000.0,8616000,-2574000.0,6042000,53000.0,6095000,6095000,RUTH,2012-03-31
998690,USD,2012,Q2,2012-07-27,2013-08-05,34304948.0,35133637.0,97111000.0,-75868000.0,21243000.0,-12350000.0,-8636000.0,,-3639000.0,8893000.0,-646000.0,-598000.0,8247000,0.0,8247000,-2403000.0,5844000,-12000.0,5832000,5832000,RUTH,2012-06-30
998690,USD,2012,Q3,2012-10-31,2013-11-06,34373629.0,35185209.0,84334000.0,-70574000.0,13760000.0,-11897000.0,-8175000.0,,-3577000.0,1863000.0,-664000.0,-680000.0,1199000,0.0,1199000,-320000.0,879000,-77000.0,802000,802000,RUTH,2012-09-30
998690,USD,2012,Q4,2013-03-13,2015-03-10,34405339.0,32765070.0,28542000.0,-9409000.0,19133000.0,-9715000.0,-9345000.0,,-127000.0,9418000.0,-854000.0,-605000.0,8564000,-2579000.0,5985000,-2558000.0,3427000,223000.0,3650000,3650000,RUTH,2012-12-31
998690,USD,2013,Q1,2013-05-09,2014-05-06,34456380.0,35505778.0,105978000.0,-80013000.0,25965000.0,-12825000.0,-9227000.0,,-3597000.0,13140000.0,-482000.0,-516000.0,12658000,,12658000,-3842000.0,8816000,-1155000.0,7661000,7661000,RUTH,2013-03-31
998690,USD,2013,Q2,2013-08-05,2014-08-05,34660149.0,35681077.0,100493000.0,-75339000.0,25154000.0,-14183000.0,-10911000.0,,-3130000.0,10971000.0,-412000.0,-415000.0,10559000,,10559000,-2644000.0,7915000,-148000.0,7767000,7767000,RUTH,2013-06-30
998690,USD,2013,Q3,2013-11-06,2014-11-07,34956353.0,35795508.0,86638000.0,-71251000.0,15387000.0,-12605000.0,-9237000.0,,-3052000.0,2782000.0,-509000.0,-415000.0,2273000,2156000.0,4429000,-1419000.0,3010000,-123000.0,2887000,2887000,RUTH,2013-09-30
998690,USD,2013,Q4,2014-03-11,2016-03-04,34971758.0,36155357.0,29245000.0,-12447000.0,16798000.0,-8456000.0,-7774000.0,,-450000.0,8342000.0,-314000.0,-294000.0,8028000,-437000.0,7591000,-2839000.0,4752000,-578000.0,4174000,4174000,RUTH,2013-12-31
998690,USD,2014,Q1,2014-05-06,2015-05-05,35094652.0,35822458.0,90354000.0,-65510000.0,24844000.0,-10890000.0,-7971000.0,,-2510000.0,13954000.0,-278000.0,-287000.0,13676000,,13676000,-4686000.0,8990000,-125000.0,8865000,8865000,RUTH,2014-03-31
998690,USD,2014,Q2,2014-08-05,2015-08-04,35122131.0,35587975.0,83006000.0,-62569000.0,20437000.0,-10603000.0,-7770000.0,,-2714000.0,9834000.0,-286000.0,-298000.0,9548000,,9548000,-2880000.0,6668000,236000.0,6904000,6904000,RUTH,2014-06-30
998690,USD,2014,Q3,2014-11-07,2015-10-30,34925592.0,34925592.0,73795000.0,-59403000.0,14392000.0,-10430000.0,-7342000.0,,-2693000.0,3962000.0,-292000.0,-297000.0,3670000,,3670000,-1472000.0,2198000,-9496000.0,-7298000,-7298000,RUTH,2014-09-30
998690,USD,2014,Q4,2015-03-10,2017-03-08,34680665.0,35325907.0,98942000.0,-72019000.0,26923000.0,-15011000.0,-11304000.0,,-3000000.0,11912000.0,-266000.0,-277000.0,11646000,,11646000,-2792000.0,8854000,-870000.0,7984000,7984000,RUTH,2014-12-31
998690,USD,2015,Q1,2015-05-05,2016-05-03,34216357.0,34515515.0,97344000.0,-69801000.0,27543000.0,-11335000.0,-8040000.0,,-2919000.0,16208000.0,-211000.0,-226000.0,15997000,,15997000,-5229000.0,10768000,-357000.0,10411000,10411000,RUTH,2015-03-31
998690,USD,2015,Q2,2015-08-04,2016-07-29,34343691.0,34611107.0,91049000.0,-66426000.0,24623000.0,-13219000.0,-9893000.0,,-3187000.0,11404000.0,-158000.0,-174000.0,11246000,,11246000,-3577000.0,7669000,-153000.0,7516000,7516000,RUTH,2015-06-30
998690,USD,2015,Q3,2015-10-30,2016-10-28,33989364.0,34338440.0,80292000.0,-63030000.0,17262000.0,-13107000.0,-9754000.0,,-3241000.0,4155000.0,-179000.0,-188000.0,3976000,,3976000,-1338000.0,2638000,-73000.0,2565000,2565000,RUTH,2015-09-30
998690,USD,2015,Q4,2016-03-04,2018-03-16,33524916.0,34272566.0,104748000.0,-74691000.0,30057000.0,-17058000.0,-13480000.0,,-3173000.0,12999000.0,116000.0,-202000.0,13115000,,13115000,-4024000.0,9091000,421000.0,9512000,9512000,RUTH,2015-12-31
998690,USD,2016,Q1,2016-05-03,2017-05-05,32626645.0,33073660.0,101890000.0,-72367000.0,29523000.0,-13089000.0,-9634000.0,,-3101000.0,16434000.0,-206000.0,-213000.0,16228000,,16228000,-5346000.0,10882000,-120000.0,10762000,10762000,RUTH,2016-03-31
998690,USD,2016,Q2,2016-07-29,2017-07-28,32138846.0,32540633.0,92654000.0,-68409000.0,24245000.0,-13784000.0,-9676000.0,,-3371000.0,10461000.0,-109000.0,-253000.0,10352000,,10352000,-3396000.0,6956000,-48000.0,6908000,6908000,RUTH,2016-06-30
998690,USD,2016,Q3,2016-10-28,2017-11-03,31305952.0,31737036.0,83774000.0,-64272000.0,19502000.0,-13901000.0,-9892000.0,,-3435000.0,5601000.0,-425000.0,-333000.0,5176000,,5176000,-1668000.0,3508000,75000.0,3583000,3583000,RUTH,2016-09-30
998690,USD,2016,Q4,2017-03-08,2019-02-28,30609313.0,31084531.0,107629000.0,-75026000.0,32603000.0,-17540000.0,-13692000.0,,-3527000.0,15063000.0,-404000.0,-355000.0,14659000,,14659000,-5250000.0,9409000,-197000.0,9212000,9212000,RUTH,2016-12-31
998690,USD,2017,Q1,2017-05-05,2018-05-10,30575224.0,31253186.0,105538000.0,-74026000.0,31512000.0,-15267000.0,-10583000.0,,-3505000.0,16245000.0,-155000.0,-179000.0,16090000,,16090000,-5005000.0,11085000,-37000.0,11048000,11048000,RUTH,2017-03-31
998690,USD,2017,Q2,2017-07-28,2018-08-10,30548258.0,31264266.0,100015000.0,-73119000.0,26896000.0,-15351000.0,-11447000.0,,-3731000.0,11545000.0,-130000.0,-144000.0,11415000,,11415000,-3611000.0,7804000,7000.0,7811000,7811000,RUTH,2017-06-30
998690,USD,2017,Q3,2017-11-03,2018-11-02,30348180.0,30877192.0,85167000.0,-67914000.0,17253000.0,-14266000.0,-10293000.0,,-3852000.0,2987000.0,-203000.0,-197000.0,2784000,,2784000,-1017000.0,1767000,-71000.0,1696000,1696000,RUTH,2017-09-30
998690,USD,2017,Q4,2018-03-16,2020-02-27,29916334.0,30270812.0,124103000.0,-86746000.0,37357000.0,-17548000.0,-13101000.0,,-3907000.0,19809000.0,-280000.0,-301000.0,19529000,-3904000.0,15625000,-6036000.0,9589000,-7000.0,9582000,9582000,RUTH,2017-12-31
998690,USD,2018,Q1,2018-05-10,2019-05-03,29689870.0,30384180.0,116526000.0,-83084000.0,33442000.0,-17054000.0,-12453000.0,,-4461000.0,16388000.0,-368000.0,-380000.0,16020000,,16020000,-2384000.0,13636000,10000.0,13646000,13646000,RUTH,2018-03-31
998690,USD,2018,Q2,2018-08-10,2019-08-02,29713825.0,30375306.0,109635000.0,-79071000.0,30564000.0,-18859000.0,-13914000.0,,-4673000.0,11705000.0,-381000.0,-403000.0,11324000,,11324000,-1763000.0,9561000,12000.0,9573000,9573000,RUTH,2018-06-30
998690,USD,2018,Q3,2018-11-02,2019-11-01,29720472.0,30358284.0,99015000.0,-76066000.0,22949000.0,-18095000.0,-12622000.0,,-4628000.0,4854000.0,-535000.0,-470000.0,4319000,,4319000,-727000.0,3592000,9000.0,3601000,3601000,RUTH,2018-09-30
998690,USD,2018,Q4,2019-02-28,2021-03-05,29513677.0,29977594.0,127158000.0,-88149000.0,39009000.0,-20297000.0,-14903000.0,,-4776000.0,18712000.0,-528000.0,-486000.0,18184000,,18184000,-3373000.0,14811000,49000.0,14860000,14860000,RUTH,2018-12-31
998690,USD,2019,Q1,2019-05-03,2020-05-08,29275501.0,29903511.0,119741000.0,-85451000.0,34290000.0,-17447000.0,-12380000.0,,-4969000.0,16843000.0,-403000.0,-405000.0,16440000,,16440000,-2529000.0,13911000,,13911000,13911000,RUTH,2019-03-31
998690,USD,2019,Q2,2019-08-02,2020-08-06,29252651.0,29726102.0,110243000.0,-80179000.0,30064000.0,-18418000.0,-13050000.0,,-5124000.0,11646000.0,-404000.0,-417000.0,11242000,,11242000,-1933000.0,9309000,,9309000,9309000,RUTH,2019-06-30
998690,USD,2019,Q3,2019-11-01,2020-11-02,28951612.0,29191076.0,103009000.0,-80033000.0,22976000.0,-17405000.0,-11509000.0,,-5361000.0,5571000.0,-620000.0,-638000.0,4951000,,4951000,-423000.0,4528000,,4528000,4528000,RUTH,2019-09-30
998690,USD,2019,Q4,2020-03-02,2021-03-05,28513764.0,28687231.0,135033000.0,-96649000.0,38384000.0,-19983000.0,-13136000.0,,-5900000.0,18401000.0,-655000.0,-737000.0,17746000,,17746000,-3288000.0,14458000,,14458000,14458000,RUTH,2019-12-31
998690,USD,2020,Q1,2020-05-08,2021-05-07,28287261.0,28287261.0,108536000.0,-86180000.0,22356000.0,-17768000.0,-11469000.0,,-5822000.0,4588000.0,-595000.0,-628000.0,3993000,-8697000.0,-4704000,886000.0,-3818000,,-3818000,-3818000,RUTH,2020-03-31
