SimFinId,Currency,Fiscal Year,Fiscal Period,Publish Date,Restated Date,Shares (Basic),Shares (Diluted),Revenue,Cost of Revenue,Gross Profit,Operating Expenses,"Selling, General & Administrative",Research & Development,Depreciation & Amortization,Operating Income (Loss),Non-Operating Income (Loss),"Interest Expense, Net","Pretax Income (Loss), Adj.",Abnormal Gains (Losses),Pretax Income (Loss),"Income Tax (Expense) Benefit, Net",Income (Loss) from Continuing Operations,Net Extraordinary Gains (Losses),Net Income,Net Income (Common),Ticker,Report_Date
696963,USD,2011,Q2,2011-08-12,2012-09-06,1543257.0,1543257.0,6755200.0,,6755200.0,-5103700.0,-440700.0,,-1422800.0,1651500.0,-965600.0,-965600.0,685900,-931000.0,-245100,95800.0,-149300,,-149300,-149300,ACY,2011-06-30
696963,USD,2011,Q3,2011-11-14,2012-11-14,1543257.0,1543257.0,6201500.0,,6201500.0,-4664100.0,-300700.0,,-1445100.0,1537400.0,-978000.0,-978000.0,559400,-908900.0,-349500,106800.0,-242700,,-242700,-242700,ACY,2011-09-30
696963,USD,2011,Q4,2012-03-09,2013-03-14,1543257.0,1543257.0,5330500.0,,5330500.0,-2646600.0,-266900.0,,-1492200.0,2683900.0,-1024100.0,-1024100.0,1659800,440800.0,2100600,-880200.0,1220400,,1220400,1220400,ACY,2011-12-31
696963,USD,2012,Q1,2012-05-11,2013-05-14,1543257.0,1550756.0,6783300.0,,6783300.0,-2707900.0,-311300.0,,-1486800.0,4075400.0,-1071900.0,-1071900.0,3003500,-986700.0,2016800,-691800.0,1325000,,1325000,1325000,ACY,2012-03-31
696963,USD,2012,Q2,2012-09-06,2013-08-07,1543257.0,1563580.0,6602200.0,,6602200.0,-3896200.0,-294000.0,,-1492700.0,2706000.0,-1153100.0,-1153100.0,1552900,-105700.0,1447200,-486700.0,960500,,960500,960500,ACY,2012-06-30
696963,USD,2012,Q3,2012-11-14,2013-11-08,1543257.0,1565057.0,7056400.0,,7056400.0,-2995900.0,-349800.0,,-1546300.0,4060500.0,-1233900.0,-1233900.0,2826600,-1065100.0,1761500,-648600.0,1112900,,1112900,1112900,ACY,2012-09-30
696963,USD,2012,Q4,2013-03-14,2014-03-12,1543257.0,1572823.0,7430200.0,,7430200.0,-3078200.0,-557900.0,,-1601100.0,4352000.0,-1168100.0,-1168100.0,3183900,-522700.0,2661200,-870600.0,1790600,,1790600,1790600,ACY,2012-12-31
696963,USD,2013,Q1,2013-05-14,2014-05-15,1543257.0,1582327.0,11978700.0,,11978700.0,-4500000.0,-327000.0,,-1757200.0,7478700.0,-1065600.0,-1065600.0,6413100,-877700.0,5535400,-1717500.0,3817900,,3817900,3817900,ACY,2013-03-31
696963,USD,2013,Q2,2013-08-07,2014-08-13,1543257.0,1588331.0,5921100.0,,5921100.0,-3764200.0,-297500.0,,-1815800.0,2156900.0,-1002500.0,-1002500.0,1154400,867600.0,2022000,-685600.0,1336400,,1336400,1336400,ACY,2013-06-30
696963,USD,2013,Q3,2013-11-08,2014-11-14,1543257.0,1590164.0,10552000.0,,10552000.0,-3772600.0,-256400.0,,-1803600.0,6779400.0,-966200.0,-966200.0,5813200,569200.0,6382400,-2361200.0,4021200,,4021200,4021200,ACY,2013-09-30
696963,USD,2013,Q4,2014-03-12,2015-03-12,1543257.0,1587322.0,5971600.0,,5971600.0,-4719800.0,-293600.0,,-1986500.0,1251800.0,-1040700.0,-1040700.0,211100,-1477800.0,-1266700,435100.0,-831600,,-831600,-831600,ACY,2013-12-31
696963,USD,2014,Q1,2014-05-15,2015-05-12,1543257.0,1583064.0,7611000.0,,7611000.0,-4844400.0,-304500.0,,-1865800.0,2766600.0,-1307000.0,-1307000.0,1459600,-935400.0,524200,-154500.0,369700,,369700,369700,ACY,2014-03-31
696963,USD,2014,Q2,2014-08-13,2015-08-14,1543257.0,1543257.0,7116800.0,,7116800.0,-4473600.0,-822900.0,,-2012600.0,2643200.0,-1261200.0,-1261200.0,1382000,-7370100.0,-5988100,2067700.0,-3920400,,-3920400,-3920400,ACY,2014-06-30
696963,USD,2014,Q3,2014-11-14,2015-11-12,1543257.0,1543257.0,4816100.0,,4816100.0,-5041000.0,-360200.0,,-1731500.0,-224900.0,-1225000.0,-1225000.0,-1449900,-11114300.0,-12564200,4317200.0,-8247000,,-8247000,-8247000,ACY,2014-09-30
696963,USD,2014,Q4,2015-03-12,2016-03-11,1543257.0,1503450.0,6015400.0,,6015400.0,-3857700.0,-231200.0,,-1689100.0,2157700.0,-1341000.0,-1341000.0,816700,-34400.0,782300,-278600.0,503700,,503700,503700,ACY,2014-12-31
696963,USD,2015,Q1,2015-05-12,2016-05-12,1543257.0,1552765.0,6765500.0,,6765500.0,-4163600.0,-410600.0,,-2327800.0,2601900.0,-1878300.0,-1878300.0,723600,428600.0,1152200,-400000.0,752200,,752200,752200,ACY,2015-03-31
696963,USD,2015,Q2,2015-08-14,2016-08-11,1543257.0,1555008.0,6686000.0,,6686000.0,-4250400.0,-309400.0,,-2322100.0,2435600.0,-1468100.0,-1468100.0,967500,1118000.0,2085500,-730200.0,1355300,,1355300,1355300,ACY,2015-06-30
696963,USD,2015,Q3,2015-11-12,2016-11-10,1543257.0,1548469.0,6696000.0,,6696000.0,-3008200.0,-237700.0,,-2281500.0,3687800.0,-1458900.0,-1458900.0,2228900,-315700.0,1913200,-658200.0,1255000,,1255000,1255000,ACY,2015-09-30
696963,USD,2015,Q4,2016-03-11,2017-03-09,1547369.0,1520898.0,6416300.0,,6416300.0,-4085100.0,-230000.0,,-2130700.0,2331200.0,-1336100.0,-1336100.0,995100,3875300.0,4870400,-1795300.0,3075100,,3075100,3075100,ACY,2015-12-31
696963,USD,2016,Q1,2016-05-12,2017-05-11,1566699.0,1566699.0,6230700.0,,6230700.0,-2923400.0,-424700.0,,-2079500.0,3307300.0,-1289000.0,-1289000.0,2018300,-1333600.0,684700,-251000.0,433700,,433700,433700,ACY,2016-03-31
696963,USD,2016,Q2,2016-08-11,2017-08-11,1566699.0,1566699.0,5122500.0,,5122500.0,-4025900.0,-557800.0,,-1871100.0,1096600.0,-1138800.0,-1138800.0,-42200,506900.0,464700,-166100.0,298600,,298600,298600,ACY,2016-06-30
696963,USD,2016,Q3,2016-11-10,2017-11-09,1566699.0,1566699.0,6274900.0,,6274900.0,-3469200.0,-385900.0,,-2332600.0,2805700.0,-1338500.0,-1338500.0,1467200,-653100.0,814100,-284400.0,529700,,529700,529700,ACY,2016-09-30
696963,USD,2016,Q4,2017-03-09,2018-03-08,1566699.0,1566699.0,7721900.0,,7721900.0,-3707100.0,-299200.0,,-2856500.0,4014800.0,-1573400.0,-1573400.0,2441400,-2432900.0,8500,-48800.0,-40300,,-40300,-40300,ACY,2016-12-31
696963,USD,2017,Q1,2017-05-11,2018-05-15,1550032.0,1550032.0,7642500.0,,7642500.0,-3794100.0,-506100.0,,-2936100.0,3848400.0,-1610300.0,-1610300.0,2238100,-1195500.0,1042600,-401100.0,641500,,641500,641500,ACY,2017-03-31
696963,USD,2017,Q2,2017-08-11,2018-08-10,1416699.0,1416699.0,8228800.0,,8228800.0,-3846500.0,-418000.0,,-2943000.0,4382300.0,-1742800.0,-1742800.0,2639500,-2100300.0,539200,-183500.0,355700,,355700,355700,ACY,2017-06-30
696963,USD,2017,Q3,2017-11-09,2017-11-09,1416699.0,1416699.0,8335700.0,,8335700.0,-3849300.0,-521500.0,,-3158600.0,4486400.0,-2143400.0,-2143400.0,2343000,-1649000.0,694000,-309500.0,384500,,384500,384500,ACY,2017-09-30
696963,USD,2017,Q4,2018-03-08,2018-03-08,1414874.0,1414874.0,10257900.0,,10257900.0,-5766700.0,-499500.0,,-2987900.0,4491200.0,-2256700.0,-2256700.0,2234500,-1077600.0,1156900,4860600.0,6017500,,6017500,6017500,ACY,2017-12-31
696963,USD,2018,Q1,2018-05-15,2018-05-15,1416699.0,1416699.0,7893300.0,,7893300.0,-3712800.0,-577400.0,,-2941900.0,4180500.0,-2254100.0,-2254100.0,1926400,-1455000.0,471400,-154100.0,317300,,317300,317300,ACY,2018-03-31
696963,USD,2018,Q2,2018-08-10,2018-08-10,1416699.0,1416699.0,7765400.0,,7765400.0,-3696700.0,-376900.0,,-3150400.0,4068700.0,-2365100.0,-2365100.0,1703600,-1782200.0,-78600,-2500.0,-81100,,-81100,-81100,ACY,2018-06-30
696963,USD,2018,Q3,2018-11-08,2018-11-08,1416699.0,1416699.0,7436100.0,,7436100.0,-4093100.0,-419400.0,,-3328200.0,3343000.0,-2467200.0,-2467200.0,875800,-6591600.0,-5715800,1232100.0,-4483700,,-4483700,-4483700,ACY,2018-09-30
696963,USD,2018,Q4,2019-03-19,2019-03-19,1546947.0,1546947.0,7430300.0,,7430300.0,-4588200.0,-970100.0,,-3216600.0,2842100.0,-2419600.0,-2419600.0,422500,-4153500.0,-3731000,-102700.0,-3833700,,-3833700,-3833700,ACY,2018-12-31
696963,USD,2019,Q1,2019-05-15,2019-05-15,1545884.0,1545884.0,7388600.0,,7388600.0,-4311700.0,-825500.0,,-3200700.0,3076900.0,-2912400.0,-2912400.0,164500,-1829100.0,-1664600,356400.0,-1308200,,-1308200,-1308200,ACY,2019-03-31
696963,USD,2019,Q2,2019-08-08,2019-08-08,1545884.0,1545884.0,7232700.0,,7232700.0,-4001300.0,-856700.0,,-2970000.0,3231400.0,-2485000.0,-2485000.0,746400,-851900.0,-105500,27900.0,-77600,,-77600,-77600,ACY,2019-06-30
696963,USD,2019,Q3,2019-11-14,2019-11-14,1545884.0,1545884.0,23943300.0,,23943300.0,-4326600.0,-944900.0,,-2970000.0,19616700.0,-2347600.0,-2347600.0,17269100,-27757800.0,-10488700,2257300.0,-8231400,,-8231400,-8231400,ACY,2019-09-30
696963,USD,2019,Q4,2020-03-30,2020-03-30,1545884.0,1545884.0,4865400.0,,4865400.0,-4539400.0,-1378000.0,,-2446800.0,326000.0,-3545100.0,-3557900.0,-3219100,-5688400.0,-8907500,1866200.0,-7041300,,-7041300,-7041300,ACY,2019-12-31
696963,USD,2020,Q1,2020-06-23,2021-05-21,1545884.0,1545884.0,4801400.0,,4801400.0,-3830200.0,-1367200.0,,-2170300.0,971200.0,-6012900.0,-6012900.0,-5041700,-7849100.0,-12890800,2712400.0,-10178400,,-10178400,-10178400,ACY,2020-03-31
