SimFinId,Currency,Fiscal Year,Fiscal Period,Publish Date,Restated Date,Shares (Basic),Shares (Diluted),Revenue,Cost of Revenue,Gross Profit,Operating Expenses,"Selling, General & Administrative",Research & Development,Depreciation & Amortization,Operating Income (Loss),Non-Operating Income (Loss),"Interest Expense, Net","Pretax Income (Loss), Adj.",Abnormal Gains (Losses),Pretax Income (Loss),"Income Tax (Expense) Benefit, Net",Income (Loss) from Continuing Operations,Net Extraordinary Gains (Losses),Net Income,Net Income (Common),Ticker,Report_Date
817638,USD,2010,Q2,2010-08-05,2011-08-05,59238000.0,60863000.0,418909000.0,-238790000.0,180119000.0,-142824000.0,-23766000.0,,-18026000.0,37295000.0,-10339000.0,-10339000.0,26956000,,26956000,-7727000.0,19229000,,19229000,19229000,CAKE,2010-06-30
817638,USD,2010,Q3,2010-11-04,2011-11-04,58427000.0,59743000.0,418352000.0,-239341000.0,179011000.0,-147602000.0,-23957000.0,,-17902000.0,31409000.0,-2119000.0,-2119000.0,29290000,,29290000,-7337000.0,21953000,,21953000,21953000,CAKE,2010-09-30
817638,USD,2010,Q4,2011-02-23,2013-02-28,58449000.0,60367000.0,416710000.0,-237906000.0,178804000.0,-147974000.0,-24582000.0,,-18057000.0,30830000.0,-2152000.0,-2152000.0,28678000,,28678000,-6813000.0,21865000,,21865000,21865000,CAKE,2010-12-31
817638,USD,2011,Q1,2011-05-06,2012-05-11,58480000.0,60499000.0,418765000.0,-242162000.0,176603000.0,-146752000.0,-24265000.0,,-17453000.0,29851000.0,-1402000.0,-1402000.0,28449000,,28449000,-7993000.0,20456000,,20456000,20456000,CAKE,2011-03-31
817638,USD,2011,Q2,2011-08-05,2012-08-10,56554000.0,58595000.0,430746000.0,-249393000.0,181353000.0,-146191000.0,-24208000.0,,-17483000.0,35162000.0,-1094000.0,-1094000.0,34068000,,34068000,-9320000.0,24748000,,24748000,24748000,CAKE,2011-06-30
817638,USD,2011,Q3,2011-11-04,2012-11-09,55661000.0,57439000.0,430417000.0,-248359000.0,182058000.0,-151804000.0,-23442000.0,,-17588000.0,30254000.0,-1201000.0,-1201000.0,29053000,,29053000,-8479000.0,20574000,,20574000,20574000,CAKE,2011-09-30
817638,USD,2011,Q4,2012-02-29,2014-02-27,54817000.0,56227000.0,477696000.0,-275912000.0,201784000.0,-162054000.0,-24348000.0,,-19434000.0,39730000.0,-610000.0,-610000.0,39120000,-1547000.0,37573000,-7631000.0,29942000,,29942000,29942000,CAKE,2011-12-31
817638,USD,2012,Q1,2012-05-11,2013-05-10,53680000.0,55699000.0,435754000.0,-250578000.0,185176000.0,-154957000.0,-28665000.0,,-18298000.0,30219000.0,-1148000.0,-1148000.0,29071000,,29071000,-8349000.0,20722000,,20722000,20722000,CAKE,2012-03-31
817638,USD,2012,Q2,2012-08-10,2013-08-09,53155000.0,55091000.0,454749000.0,-257105000.0,197644000.0,-156674000.0,-26278000.0,,-18509000.0,40970000.0,-838000.0,-838000.0,40132000,,40132000,-11733000.0,28399000,,28399000,28399000,CAKE,2012-06-30
817638,USD,2012,Q3,2012-11-09,2013-11-08,52958000.0,55126000.0,453819000.0,-257250000.0,196569000.0,-157245000.0,-22450000.0,,-18733000.0,39324000.0,-1710000.0,-1710000.0,37614000,,37614000,-10451000.0,27163000,,27163000,27163000,CAKE,2012-09-30
817638,USD,2012,Q4,2013-02-28,2015-03-02,52947000.0,54928000.0,464695000.0,-265412000.0,199283000.0,-161561000.0,-26763000.0,,-18893000.0,37722000.0,-1029000.0,-1029000.0,36693000,-9536000.0,27157000,-5018000.0,22139000,,22139000,22139000,CAKE,2012-12-31
817638,USD,2013,Q1,2013-05-10,2014-05-09,52255000.0,54305000.0,463018000.0,-265276000.0,197742000.0,-160311000.0,-28789000.0,,-19230000.0,37431000.0,-1310000.0,-1310000.0,36121000,-644000.0,35477000,-10185000.0,25292000,,25292000,25292000,CAKE,2013-03-31
817638,USD,2013,Q2,2013-08-09,2014-08-08,52892000.0,55073000.0,470118000.0,-264109000.0,206009000.0,-163334000.0,-27811000.0,,-19215000.0,42675000.0,-1271000.0,-1271000.0,41404000,-1505000.0,39899000,-11316000.0,28583000,,28583000,28583000,CAKE,2013-06-30
817638,USD,2013,Q3,2013-11-08,2014-11-07,52416000.0,54612000.0,469699000.0,-263340000.0,206359000.0,-166631000.0,-28805000.0,,-19661000.0,39728000.0,-727000.0,-727000.0,39001000,-1097000.0,37904000,-10423000.0,27481000,,27481000,27481000,CAKE,2013-09-30
817638,USD,2013,Q4,2014-02-27,2016-02-25,51353000.0,53518000.0,475075000.0,-266029000.0,209046000.0,-168487000.0,-29323000.0,,-20452000.0,40559000.0,-1196000.0,-1196000.0,39363000,3807000.0,43170000,-10170000.0,33000000,,33000000,33000000,CAKE,2013-12-31
817638,USD,2014,Q1,2014-05-09,2015-05-08,50745000.0,52844000.0,481431000.0,-278812000.0,202619000.0,-169360000.0,-31242000.0,,-20251000.0,33259000.0,-1391000.0,-1391000.0,31868000,-186000.0,31682000,-9164000.0,22518000,,22518000,22518000,CAKE,2014-03-31
817638,USD,2014,Q2,2014-08-08,2015-08-06,49349000.0,51358000.0,496406000.0,-281444000.0,214962000.0,-171761000.0,-29042000.0,,-20534000.0,43201000.0,-1544000.0,-1544000.0,41657000,-510000.0,41147000,-11098000.0,30049000,,30049000,30049000,CAKE,2014-06-30
817638,USD,2014,Q3,2014-11-07,2015-11-05,48981000.0,50963000.0,499114000.0,-287307000.0,211807000.0,-177632000.0,-29641000.0,,-20930000.0,34175000.0,-1381000.0,-1381000.0,32794000,,32794000,-8571000.0,24223000,,24223000,24223000,CAKE,2014-09-30
817638,USD,2014,Q4,2015-03-02,2017-03-02,49193000.0,51171000.0,499673000.0,-288845000.0,210828000.0,-176036000.0,-29169000.0,,-21120000.0,34792000.0,-1871000.0,-1871000.0,32921000,0.0,32921000,-8435000.0,24486000,,24486000,24486000,CAKE,2014-12-31
817638,USD,2015,Q1,2015-05-08,2016-05-05,49225000.0,51102000.0,517973000.0,-297781000.0,220192000.0,-179138000.0,-33075000.0,,-21177000.0,41054000.0,-1895000.0,-1895000.0,39159000,,39159000,-10736000.0,28423000,,28423000,28423000,CAKE,2015-03-31
817638,USD,2015,Q2,2015-08-06,2016-08-04,48451000.0,50262000.0,529107000.0,-295118000.0,233989000.0,-184236000.0,-35345000.0,,-21158000.0,49753000.0,-1432000.0,-1432000.0,48321000,,48321000,-13597000.0,34724000,,34724000,34724000,CAKE,2015-06-30
817638,USD,2015,Q3,2015-11-05,2016-11-03,48848000.0,50637000.0,526688000.0,-297706000.0,228982000.0,-187327000.0,-33277000.0,,-21317000.0,41655000.0,-722000.0,-722000.0,40933000,-6011000.0,34922000,-8746000.0,26176000,,26176000,26176000,CAKE,2015-09-30
817638,USD,2015,Q4,2016-02-25,2018-02-28,48808000.0,50419000.0,526841000.0,-298244000.0,228597000.0,-189802000.0,-35705000.0,,-21911000.0,38795000.0,-1845000.0,-1845000.0,36950000,0.0,36950000,-9750000.0,27200000,,27200000,27200000,CAKE,2015-12-31
817638,USD,2016,Q1,2016-05-05,2017-05-11,48518000.0,50037000.0,553693000.0,-316431000.0,237262000.0,-188668000.0,-35337000.0,,-21464000.0,48594000.0,-2304000.0,-2304000.0,46290000,,46290000,-12336000.0,33954000,,33954000,33954000,CAKE,2016-03-31
817638,USD,2016,Q2,2016-08-04,2017-08-09,48232000.0,49598000.0,558862000.0,-312144000.0,246718000.0,-191528000.0,-35785000.0,,-21461000.0,55190000.0,-2181000.0,-2181000.0,53009000,,53009000,-14424000.0,38585000,,38585000,38585000,CAKE,2016-06-30
817638,USD,2016,Q3,2016-11-03,2017-11-08,47815000.0,49212000.0,560018000.0,-315405000.0,244613000.0,-194550000.0,-36057000.0,,-21634000.0,50063000.0,-2477000.0,-2477000.0,47586000,,47586000,-13012000.0,34574000,,34574000,34574000,CAKE,2016-09-30
817638,USD,2016,Q4,2017-03-02,2018-02-28,47359000.0,48641000.0,603146000.0,-342646000.0,260500000.0,-213240000.0,-38863000.0,,-23451000.0,47260000.0,-2263000.0,-2263000.0,44997000,-114000.0,44883000,-12502000.0,32381000,,32381000,32381000,CAKE,2016-12-31
817638,USD,2017,Q1,2017-05-11,2018-05-11,47634000.0,49210000.0,563426000.0,-322974000.0,240452000.0,-196103000.0,-36287000.0,,-23196000.0,44349000.0,-1256000.0,-1256000.0,43093000,-786000.0,42307000,-7264000.0,35043000,,35043000,35043000,CAKE,2017-03-31
817638,USD,2017,Q2,2017-08-09,2018-08-06,47732000.0,49047000.0,569869000.0,-321844000.0,248025000.0,-197362000.0,-35295000.0,,-23297000.0,50663000.0,-1570000.0,-1570000.0,49093000,-445000.0,48648000,-10482000.0,38166000,,38166000,38166000,CAKE,2017-06-30
817638,USD,2017,Q3,2017-11-08,2018-11-09,46602000.0,47519000.0,555392000.0,-320919000.0,234473000.0,-200156000.0,-35364000.0,,-22999000.0,34317000.0,-1600000.0,-1600000.0,32717000,,32717000,-6272000.0,26445000,,26445000,26445000,CAKE,2017-09-30
817638,USD,2017,Q4,2018-02-28,2018-02-28,45752000.0,46832000.0,571815000.0,-331246000.0,240569000.0,-206710000.0,-34587000.0,,-23237000.0,33859000.0,-1953000.0,-1953000.0,31906000,-9112000.0,22794000,34944000.0,57738000,,57738000,57738000,CAKE,2017-12-31
817638,USD,2018,Q1,2018-05-11,2018-05-11,45552000.0,46574000.0,590691000.0,-346433000.0,244258000.0,-212707000.0,-39274000.0,,-24002000.0,31551000.0,-1506000.0,-1506000.0,30045000,,30045000,-4016000.0,26029000,,26029000,26029000,CAKE,2018-03-31
817638,USD,2018,Q2,2018-08-06,2018-08-06,45383000.0,46570000.0,593178000.0,-345657000.0,247521000.0,-210395000.0,-41423000.0,,-23727000.0,37126000.0,-2908000.0,-2908000.0,34218000,-2583000.0,31635000,-3282000.0,28353000,,28353000,28353000,CAKE,2018-06-30
817638,USD,2018,Q3,2018-11-09,2018-11-09,45321000.0,46368000.0,580882000.0,-338135000.0,242747000.0,-208989000.0,-37469000.0,,-24090000.0,33758000.0,-3290000.0,-3290000.0,30468000,-263000.0,30205000,-1730000.0,28475000,,28475000,28475000,CAKE,2018-09-30
817638,USD,2018,Q4,2019-03-04,2019-03-04,44796000.0,45348000.0,567580000.0,-336789000.0,230791000.0,-196417000.0,-36604000.0,,-24157000.0,34374000.0,921000.0,921000.0,35295000,-19769000.0,15526000,652000.0,16178000,,16178000,16178000,CAKE,2018-12-31
817638,USD,2019,Q1,2019-05-06,2019-05-06,44255000.0,44984000.0,599481000.0,-353497000.0,245984000.0,-215836000.0,-39123000.0,,-21362000.0,30148000.0,-1448000.0,2000.0,28700000,,28700000,-1716000.0,26984000,,26984000,26984000,CAKE,2019-03-31
817638,USD,2019,Q2,2019-08-05,2019-08-05,44165000.0,44786000.0,602645000.0,-352359000.0,250286000.0,-210187000.0,-37247000.0,,-21659000.0,40099000.0,-1669000.0,-25000.0,38430000,,38430000,-2920000.0,35510000,,35510000,35510000,CAKE,2019-06-30
817638,USD,2019,Q3,2019-11-08,2019-11-08,43682000.0,44186000.0,586536000.0,-346541000.0,239995000.0,-213031000.0,-39746000.0,,-21342000.0,26964000.0,-10339000.0,6000.0,16625000,,16625000,-535000.0,16090000,,16090000,16090000,CAKE,2019-09-30
817638,USD,2019,Q4,2020-03-23,2020-03-23,43694000.0,44224000.0,694030000.0,-409053000.0,284977000.0,-254040000.0,-44083000.0,,-23770000.0,30937000.0,10959000.0,-2480000.0,41896000,14683000.0,56579000,-7870000.0,48709000,,48709000,48709000,CAKE,2019-12-31
817638,USD,2020,Q1,2020-06-22,2021-05-03,43773000.0,43773000.0,615106000.0,-377887000.0,237219000.0,-238611000.0,-43960000.0,,-23562000.0,-1392000.0,-1518000.0,-1518000.0,-2910000,-188666000.0,-191576000,55413000.0,-136163000,,-136163000,-136163000,CAKE,2020-03-31
