SimFinId,Currency,Fiscal Year,Fiscal Period,Publish Date,Restated Date,Shares (Basic),Shares (Diluted),Revenue,Cost of Revenue,Gross Profit,Operating Expenses,"Selling, General & Administrative",Research & Development,Depreciation & Amortization,Operating Income (Loss),Non-Operating Income (Loss),"Interest Expense, Net","Pretax Income (Loss), Adj.",Abnormal Gains (Losses),Pretax Income (Loss),"Income Tax (Expense) Benefit, Net",Income (Loss) from Continuing Operations,Net Extraordinary Gains (Losses),Net Income,Net Income (Common),Ticker,Report_Date
617302,USD,2012,Q2,2012-08-02,2013-08-02,88354000.0,91254000.0,95977000.0,-18379000.0,77598000.0,-48171000.0,-41231000.0,-6940000.0,,29427000.0,-304000.0,,29123000,1138000.0,30261000,-11260000.0,19001000,,19001000,19001000,GMED,2012-06-30
617302,USD,2012,Q3,2012-11-02,2013-10-31,90111000.0,92697000.0,94764000.0,-18872000.0,75892000.0,-48802000.0,-41780000.0,-7022000.0,,27090000.0,-45000.0,,27045000,-30000.0,27015000,-10528000.0,16487000,,16487000,16487000,GMED,2012-09-30
617302,USD,2012,Q4,2013-06-13,2015-02-26,91746000.0,94004000.0,100536000.0,-19557000.0,80979000.0,-51854000.0,-44626000.0,-7228000.0,,29125000.0,-16000.0,80000.0,29109000,-15000.0,29094000,-8327000.0,20767000,,20767000,20767000,GMED,2012-12-31
617302,USD,2013,Q1,2013-05-03,2014-04-30,91805000.0,93573000.0,105018000.0,-23493000.0,81525000.0,-52244000.0,-45397000.0,-6847000.0,,29281000.0,279000.0,,29560000,-50000.0,29510000,-9619000.0,19891000,,19891000,19891000,GMED,2013-03-31
617302,USD,2013,Q2,2013-08-02,2014-08-06,92415000.0,93970000.0,107009000.0,-23501000.0,83508000.0,-52787000.0,-45750000.0,-7037000.0,,30721000.0,-221000.0,,30500000,-19529000.0,10971000,-3545000.0,7426000,,7426000,7426000,GMED,2013-06-30
617302,USD,2013,Q3,2013-10-31,2014-10-31,93028000.0,94422000.0,107187000.0,-25315000.0,81872000.0,-52270000.0,-45702000.0,-6568000.0,,29602000.0,197000.0,,29799000,-99000.0,29700000,-9390000.0,20310000,,20310000,20310000,GMED,2013-09-30
617302,USD,2013,Q4,2014-03-14,2016-02-29,93340000.0,94803000.0,115245000.0,-28034000.0,87211000.0,-52087000.0,-45669000.0,-6418000.0,,35124000.0,73000.0,467000.0,35197000,-3377000.0,31820000,-10835000.0,20985000,,20985000,20985000,GMED,2013-12-31
617302,USD,2014,Q1,2014-04-30,2015-05-05,93715000.0,95172000.0,114210000.0,-25312000.0,88898000.0,-54121000.0,-46678000.0,-7443000.0,,34777000.0,245000.0,201000.0,35022000,-2535000.0,32487000,-11348000.0,21139000,,21139000,21139000,GMED,2014-03-31
617302,USD,2014,Q2,2014-08-06,2015-07-31,94212000.0,95480000.0,113573000.0,-26583000.0,86990000.0,-54119000.0,-46425000.0,-7694000.0,,32871000.0,325000.0,195000.0,33196000,-1318000.0,31878000,-11231000.0,20647000,,20647000,20647000,GMED,2014-06-30
617302,USD,2014,Q3,2014-10-31,2015-11-04,94399000.0,95475000.0,117787000.0,-27686000.0,90101000.0,-55132000.0,-46986000.0,-8146000.0,,34969000.0,-124000.0,181000.0,34845000,-46000.0,34799000,-11738000.0,23061000,,23061000,23061000,GMED,2014-09-30
617302,USD,2014,Q4,2015-02-26,2017-03-16,94582000.0,95701000.0,128801000.0,-31188000.0,97613000.0,-57138000.0,-48543000.0,-7883000.0,-712000.0,40475000.0,-166000.0,228000.0,40309000,-831000.0,39478000,-11840000.0,27638000,,27638000,27638000,GMED,2014-12-31
617302,USD,2015,Q1,2015-05-05,2016-05-04,94788000.0,95905000.0,131604000.0,-32107000.0,99497000.0,-60945000.0,-52289000.0,-8656000.0,,38552000.0,-347000.0,278000.0,38205000,-32000.0,38173000,-13525000.0,24648000,,24648000,24648000,GMED,2015-03-31
617302,USD,2015,Q2,2015-07-31,2016-07-27,94979000.0,96049000.0,133570000.0,-32579000.0,100991000.0,-63587000.0,-54506000.0,-9081000.0,,37404000.0,441000.0,278000.0,37845000,-374000.0,37471000,-13417000.0,24054000,,24054000,24054000,GMED,2015-06-30
617302,USD,2015,Q3,2015-11-04,2016-11-09,95138000.0,96119000.0,136992000.0,-32927000.0,104065000.0,-61813000.0,-52170000.0,-9250000.0,-393000.0,42252000.0,253000.0,342000.0,42505000,-1577000.0,40928000,-14447000.0,26481000,,26481000,26481000,GMED,2015-09-30
617302,USD,2015,Q4,2016-02-29,2017-03-16,95279000.0,96219000.0,142587000.0,-34720000.0,107867000.0,-61769000.0,-51276000.0,-9325000.0,-1168000.0,46098000.0,236000.0,406000.0,46334000,9899000.0,56233000,-18632000.0,37601000,,37601000,37601000,GMED,2015-12-31
617302,USD,2016,Q1,2016-05-04,2017-05-04,95398000.0,96293000.0,139264000.0,-31519000.0,107745000.0,-64220000.0,-53798000.0,-10030000.0,-392000.0,43525000.0,760000.0,496000.0,44285000,-674000.0,43611000,-15601000.0,28010000,,28010000,28010000,GMED,2016-03-31
617302,USD,2016,Q2,2016-07-27,2017-08-03,95585000.0,96426000.0,137489000.0,-32731000.0,104758000.0,-64303000.0,-53312000.0,-10594000.0,-397000.0,40455000.0,418000.0,602000.0,40873000,-2537000.0,38336000,-12530000.0,25806000,,25806000,25806000,GMED,2016-06-30
617302,USD,2016,Q3,2016-11-09,2017-11-09,95739000.0,96492000.0,135651000.0,-31453000.0,104198000.0,-65356000.0,-54207000.0,-10265000.0,-884000.0,38842000.0,1205000.0,795000.0,40047000,-1192000.0,38855000,-12628000.0,26227000,,26227000,26227000,GMED,2016-09-30
617302,USD,2016,Q4,2017-03-16,2017-03-16,95866000.0,96517000.0,151590000.0,-39002000.0,112588000.0,-76287000.0,-60839000.0,-13643000.0,-1805000.0,36301000.0,755000.0,1164000.0,37056000,-579000.0,36477000,-12179000.0,24298000,,24298000,24298000,GMED,2016-12-31
617302,USD,2017,Q1,2017-05-04,2017-05-04,95996000.0,97148000.0,155809000.0,-35600000.0,120209000.0,-79507000.0,-67059000.0,-10666000.0,-1782000.0,40702000.0,2100000.0,1418000.0,42802000,-388000.0,42414000,-13700000.0,28714000,,28714000,28714000,GMED,2017-03-31
617302,USD,2017,Q2,2017-08-03,2017-08-03,96161000.0,97818000.0,152390000.0,-37199000.0,115191000.0,-76960000.0,-64438000.0,-10713000.0,-1809000.0,38231000.0,2186000.0,1590000.0,40417000,-860000.0,39557000,-10890000.0,28667000,,28667000,28667000,GMED,2017-06-30
617302,USD,2017,Q3,2017-11-09,2017-11-09,96318000.0,97849000.0,151744000.0,-36798000.0,114946000.0,-76329000.0,-63362000.0,-10887000.0,-2080000.0,38617000.0,1562000.0,1738000.0,40179000,-2822000.0,37357000,-11766000.0,25591000,,25591000,25591000,GMED,2017-09-30
617302,USD,2017,Q4,2018-02-22,2018-02-22,96497000.0,98733000.0,176034000.0,-40856000.0,135178000.0,-86609000.0,-72958000.0,-11413000.0,-2238000.0,48569000.0,2240000.0,1862000.0,50809000,-209000.0,50600000,-26224000.0,24376000,,24376000,24376000,GMED,2017-12-31
617302,USD,2018,Q1,2018-05-03,2018-05-03,96840000.0,100496000.0,174411000.0,-37970000.0,136441000.0,-90570000.0,-75694000.0,-12689000.0,-2187000.0,45871000.0,2444000.0,2291000.0,48315000,-238000.0,48077000,-8539000.0,39538000,,39538000,39538000,GMED,2018-03-31
617302,USD,2018,Q2,2018-08-02,2018-08-02,97830000.0,101510000.0,173384000.0,-37637000.0,135747000.0,-92826000.0,-77125000.0,-13523000.0,-2178000.0,42921000.0,8165000.0,2971000.0,51086000,-782000.0,50304000,-5327000.0,44977000,,44977000,44977000,GMED,2018-06-30
617302,USD,2018,Q3,2018-11-08,2018-11-08,98328000.0,101804000.0,169236000.0,-37849000.0,131387000.0,-92818000.0,-75131000.0,-15527000.0,-2160000.0,38569000.0,4296000.0,3852000.0,42865000,-268000.0,42597000,-7389000.0,35208000,,35208000,35208000,GMED,2018-09-30
617302,USD,2018,Q4,2019-02-21,2019-02-21,98538000.0,101454000.0,195938000.0,-45954000.0,149984000.0,-100461000.0,-83641000.0,-13757000.0,-3063000.0,49523000.0,4375000.0,4164000.0,53898000,-6271000.0,47627000,-10876000.0,36751000,,36751000,36751000,GMED,2018-12-31
617302,USD,2019,Q1,2019-05-02,2019-05-02,98727000.0,101367000.0,182947000.0,-41838000.0,141109000.0,-103451000.0,-85784000.0,-14324000.0,-3343000.0,37658000.0,4572000.0,4159000.0,42230000,-579000.0,41651000,-8441000.0,33210000,,33210000,33210000,GMED,2019-03-31
617302,USD,2019,Q2,2019-08-01,2019-08-01,99023000.0,101582000.0,194539000.0,-43990000.0,150549000.0,-107574000.0,-88379000.0,-15746000.0,-3449000.0,42975000.0,4224000.0,4417000.0,47199000,-106000.0,47093000,-8930000.0,38163000,,38163000,38163000,GMED,2019-06-30
617302,USD,2019,Q3,2019-11-06,2019-11-06,99238000.0,102100000.0,196215000.0,-45387000.0,150828000.0,-106583000.0,-88455000.0,-14508000.0,-3620000.0,44245000.0,4691000.0,4377000.0,48936000,-2184000.0,46752000,-8445000.0,38307000,,38307000,38307000,GMED,2019-09-30
617302,USD,2019,Q4,2020-03-02,2020-03-02,99612000.0,102943000.0,211667000.0,-48760000.0,162907000.0,-111031000.0,-92139000.0,-15495000.0,-3397000.0,51876000.0,4470000.0,4453000.0,56346000,-1896000.0,54450000,-8920000.0,45530000,,45530000,45530000,GMED,2019-12-31
617302,USD,2020,Q1,2020-05-07,2021-05-04,99635000.0,102146000.0,190577000.0,-48864000.0,141713000.0,-112717000.0,-93539000.0,-15402000.0,-3776000.0,28996000.0,4050000.0,4324000.0,33046000,-548000.0,32498000,-6549000.0,25949000,,25949000,25949000,GMED,2020-03-31
