SimFinId,Currency,Fiscal Year,Fiscal Period,Publish Date,Restated Date,Shares (Basic),Shares (Diluted),Revenue,Cost of Revenue,Gross Profit,Operating Expenses,"Selling, General & Administrative",Research & Development,Depreciation & Amortization,Operating Income (Loss),Non-Operating Income (Loss),"Interest Expense, Net","Pretax Income (Loss), Adj.",Abnormal Gains (Losses),Pretax Income (Loss),"Income Tax (Expense) Benefit, Net",Income (Loss) from Continuing Operations,Net Extraordinary Gains (Losses),Net Income,Net Income (Common),Ticker,Report_Date
350948,USD,2014,Q4,2015-03-06,2017-02-15,21022440.0,21022440.0,140907000.0,-113799000.0,27108000.0,-15888000.0,-15888000.0,,,11220000.0,234000.0,82000.0,11454000,-437000.0,11017000,-3828000.0,7189000,,7189000,7189000,CCS,2014-12-31
350948,USD,2015,Q1,2015-05-08,2016-05-06,20509679.0,20509679.0,156438000.0,-126312000.0,30126000.0,-20932000.0,-20932000.0,,,9194000.0,330000.0,13000.0,9524000,,9524000,-3173000.0,6351000,,6351000,6351000,CCS,2015-03-31
350948,USD,2015,Q2,2015-08-07,2016-08-03,20556536.0,20556536.0,189054000.0,-152252000.0,36802000.0,-22812000.0,-22812000.0,,,13990000.0,326000.0,18000.0,14316000,115000.0,14431000,-4633000.0,9798000,,9798000,9798000,CCS,2015-06-30
350948,USD,2015,Q3,2015-11-06,2016-11-02,20601218.0,20601218.0,182732000.0,-144748000.0,37984000.0,-22175000.0,-22175000.0,,,15809000.0,483000.0,49000.0,16292000,-347000.0,15945000,-5362000.0,10583000,,10583000,10583000,CCS,2015-09-30
350948,USD,2015,Q4,2016-11-10,2017-02-15,20608615.0,20608615.0,206265000.0,-164323000.0,41942000.0,-21921000.0,-21921000.0,,,20021000.0,515000.0,39000.0,20536000,-131000.0,20405000,-7247000.0,13158000,,13158000,13158000,CCS,2015-12-31
350948,USD,2016,Q1,2016-05-06,2017-05-05,20626451.0,20645247.0,184096000.0,-146895000.0,37201000.0,-25185000.0,-25185000.0,,,12016000.0,413000.0,,12429000,,12429000,-4446000.0,7983000,,7983000,7983000,CCS,2016-03-31
350948,USD,2016,Q2,2016-08-03,2017-08-04,20649910.0,20747312.0,259642000.0,-209354000.0,50288000.0,-31383000.0,-31383000.0,,,18905000.0,436000.0,,19341000,-244000.0,19097000,-5955000.0,13142000,,13142000,13142000,CCS,2016-06-30
350948,USD,2016,Q3,2016-11-02,2017-11-03,20673521.0,20822066.0,253413000.0,-203070000.0,50343000.0,-30944000.0,-30944000.0,,,19399000.0,385000.0,,19784000,-53000.0,19731000,-6389000.0,13342000,,13342000,13342000,CCS,2016-09-30
350948,USD,2016,Q4,2017-02-15,2017-02-15,20766874.0,20953123.0,297289000.0,-241025000.0,56264000.0,-34712000.0,-34712000.0,,,21552000.0,-104000.0,190000.0,21448000,444000.0,21892000,-6819000.0,15073000,,15073000,15073000,CCS,2016-12-31
350948,USD,2017,Q1,2017-05-05,2017-05-05,21512289.0,21722540.0,228316000.0,-184222000.0,44094000.0,-33212000.0,-33212000.0,,,10882000.0,-86000.0,,10796000,1255000.0,12051000,-3252000.0,8799000,,8799000,8799000,CCS,2017-03-31
350948,USD,2017,Q2,2017-08-04,2017-08-04,22146124.0,22366077.0,291824000.0,-237079000.0,54745000.0,-34220000.0,-34220000.0,,,20525000.0,824000.0,,21349000,1760000.0,23109000,-8278000.0,14831000,,14831000,14831000,CCS,2017-06-30
350948,USD,2017,Q3,2017-11-03,2017-11-03,25445552.0,25726137.0,379716000.0,-315919000.0,63797000.0,-46165000.0,-46165000.0,,,17632000.0,1013000.0,,18645000,-3489000.0,15156000,-5686000.0,9470000,,9470000,9470000,CCS,2017-09-30
350948,USD,2017,Q4,2018-03-01,2018-03-01,28019519.0,28407282.0,523943000.0,-431319000.0,92624000.0,-62707000.0,-62707000.0,,,29917000.0,1186000.0,,31103000,2745000.0,33848000,-16653000.0,17195000,,17195000,17195000,CCS,2017-12-31
350948,USD,2018,Q1,2018-05-09,2018-05-09,29515531.0,29833729.0,401846000.0,-324855000.0,76991000.0,-56522000.0,-56522000.0,,,20469000.0,-357000.0,,20112000,2995000.0,23107000,-3088000.0,20019000,,20019000,20019000,CCS,2018-03-31
350948,USD,2018,Q2,2018-08-03,2018-08-03,29901791.0,30170689.0,531892000.0,-433622000.0,98270000.0,-63634000.0,-63634000.0,,,34636000.0,350000.0,,34986000,11516000.0,46502000,-13309000.0,33193000,,33193000,33193000,CCS,2018-06-30
350948,USD,2018,Q3,2018-11-07,2019-10-30,30232376.0,30554881.0,561729000.0,-467409000.0,94320000.0,-70917000.0,-70975000.0,,,23403000.0,-545000.0,,22858000,,22858000,-5810000.0,17048000,,17048000,17048000,CCS,2018-09-30
350948,USD,2018,Q4,2019-02-13,2019-02-13,30689954.0,31006085.0,651946000.0,-542523000.0,109423000.0,-72908000.0,-72850000.0,,,36515000.0,-353000.0,,36162000,-99000.0,36063000,-9868000.0,26195000,,26195000,26195000,CCS,2018-12-31
350948,USD,2019,Q1,2019-05-03,2019-05-03,30203243.0,30444276.0,533057000.0,-441200000.0,91857000.0,-68936000.0,-68936000.0,,,22921000.0,76000.0,,22997000,,22997000,-5880000.0,17117000,,17117000,17117000,CCS,2019-03-31
350948,USD,2019,Q2,2019-07-31,2019-07-31,30341628.0,30568848.0,619950000.0,-512552000.0,107398000.0,-75217000.0,-75217000.0,,,32181000.0,-519000.0,,31662000,-10832000.0,20830000,-5335000.0,15495000,,15495000,15495000,CCS,2019-06-30
350948,USD,2019,Q3,2019-10-30,2019-10-30,30587487.0,30906235.0,590362000.0,-482632000.0,107730000.0,-72834000.0,-72834000.0,,,34896000.0,-56000.0,,34840000,,34840000,-7816000.0,27024000,,27024000,27024000,CCS,2019-09-30
350948,USD,2019,Q4,2020-02-07,2020-02-07,32413170.0,32828449.0,792542000.0,-644562000.0,147980000.0,-84538000.0,-84538000.0,,,63442000.0,-4691000.0,,58751000,-4783000.0,53968000,-610000.0,53358000,,53358000,53358000,CCS,2019-12-31
350948,USD,2020,Q1,2020-04-30,2021-04-29,33207928.0,33476444.0,602609000.0,-494279000.0,108330000.0,-73619000.0,-73619000.0,,,34711000.0,158000.0,,34869000,-781000.0,34088000,-7962000.0,26126000,,26126000,26126000,CCS,2020-03-31
