SimFinId,Currency,Fiscal Year,Fiscal Period,Publish Date,Restated Date,Shares (Basic),Shares (Diluted),Revenue,Cost of Revenue,Gross Profit,Operating Expenses,"Selling, General & Administrative",Research & Development,Depreciation & Amortization,Operating Income (Loss),Non-Operating Income (Loss),"Interest Expense, Net","Pretax Income (Loss), Adj.",Abnormal Gains (Losses),Pretax Income (Loss),"Income Tax (Expense) Benefit, Net",Income (Loss) from Continuing Operations,Net Extraordinary Gains (Losses),Net Income,Net Income (Common),Ticker,Report_Date
113301,USD,2012,Q4,2013-02-13,2015-02-24,80202520.0,90806184.0,705060000.0,-517685000.0,187375000.0,-70835000.0,-62521000.0,-3820000.0,,116540000.0,-43878000.0,-43878000.0,72662000,0.0,72662000,-29000000.0,43662000,,43662000,43662000,CIK,2012-12-31
113301,USD,2013,Q1,2013-05-15,2014-05-14,81264000.0,86268000.0,612981000.0,-458140000.0,154841000.0,-74170000.0,-68186000.0,-2327000.0,,80671000.0,-40653000.0,-40653000.0,40018000,,40018000,-15222000.0,24796000,,24796000,24796000,CIK,2013-03-31
113301,USD,2013,Q2,2013-08-14,2014-08-13,114909000.0,114909000.0,569044000.0,-424616000.0,144428000.0,-133457000.0,-92835000.0,-2789000.0,,10971000.0,-47585000.0,-47585000.0,-36614000,,-36614000,4775000.0,-31839000,,-31839000,-31839000,CIK,2013-06-30
113301,USD,2013,Q3,2013-11-13,2014-11-12,115590000.0,116348000.0,572455000.0,-415052000.0,157403000.0,-72485000.0,-66170000.0,-2709000.0,,84918000.0,-19572000.0,-19572000.0,65346000,,65346000,-24661000.0,40685000,,40685000,40685000,CIK,2013-09-30
113301,USD,2013,Q4,2014-03-06,2016-02-25,115601792.0,116949960.0,709322000.0,-511745000.0,197577000.0,-81100000.0,-68301000.0,-2691000.0,,116477000.0,-24403000.0,-24403000.0,92074000,0.0,92074000,-36367000.0,55707000,,55707000,55707000,CIK,2013-12-31
113301,USD,2014,Q1,2014-05-14,2015-04-30,115592000.0,116687000.0,644039000.0,-477378000.0,166661000.0,-76570000.0,-70105000.0,-2482000.0,,90091000.0,-24341000.0,-24341000.0,65750000,,65750000,-25002000.0,40748000,,40748000,40748000,CIK,2014-03-31
113301,USD,2014,Q2,2014-08-13,2015-07-31,115690000.0,116901000.0,617800000.0,-455583000.0,162217000.0,-80307000.0,-72588000.0,-2876000.0,,81910000.0,-24492000.0,-24492000.0,57418000,,57418000,-21834000.0,35584000,,35584000,35584000,CIK,2014-06-30
113301,USD,2014,Q3,2014-11-12,2015-10-29,115728000.0,117004000.0,624011000.0,-460109000.0,163902000.0,-72345000.0,-66701000.0,-3120000.0,,91557000.0,-24844000.0,-24844000.0,66713000,155073000.0,221786000,-85829000.0,135957000,,135957000,135957000,CIK,2014-09-30
113301,USD,2014,Q4,2015-02-24,2017-02-23,115782000.0,116948888.0,705333000.0,-516915000.0,188418000.0,-92687000.0,-85253000.0,-2803000.0,,95731000.0,-22376000.0,-22376000.0,73355000,-2091000.0,71264000,-35135000.0,36129000,,36129000,36129000,CIK,2014-12-31
113301,USD,2015,Q1,2015-04-30,2016-04-28,115906000.0,117036000.0,665281000.0,-493564000.0,171717000.0,-83248000.0,-74795000.0,-3052000.0,,88469000.0,-21475000.0,-21475000.0,66994000,,66994000,-25458000.0,41536000,,41536000,41536000,CIK,2015-03-31
113301,USD,2015,Q2,2015-07-31,2016-07-29,116031000.0,117281000.0,631746000.0,-462637000.0,169109000.0,-79294000.0,-73363000.0,-3589000.0,,89815000.0,-22175000.0,-22175000.0,67640000,,67640000,-23961000.0,43679000,,43679000,43679000,CIK,2015-06-30
113301,USD,2015,Q3,2015-10-29,2016-10-27,116085000.0,117470000.0,636287000.0,-459432000.0,176855000.0,-79062000.0,-70622000.0,-3247000.0,,97793000.0,-22308000.0,-22308000.0,75485000,0.0,75485000,-27387000.0,48098000,,48098000,48098000,CIK,2015-09-30
113301,USD,2015,Q4,2016-02-25,2018-03-01,116104592.0,117505000.0,722478000.0,-499653000.0,222825000.0,-74200000.0,-64926000.0,-3104000.0,,148625000.0,-22357000.0,-22357000.0,126268000,0.0,126268000,-47073000.0,79195000,,79195000,79195000,CIK,2015-12-31
113301,USD,2016,Q1,2016-04-28,2017-04-27,116117476.0,117612874.0,754255000.0,-555688000.0,198567000.0,-118286000.0,-104786000.0,-4185000.0,,80281000.0,-31563000.0,-31563000.0,48718000,,48718000,-23881000.0,24837000,,24836000,24836000,CIK,2016-03-31
113301,USD,2016,Q2,2016-07-29,2017-07-27,116657004.0,117765930.0,756381000.0,-535189000.0,221192000.0,-113406000.0,-104739000.0,-5098000.0,,107786000.0,-35461000.0,-35461000.0,72325000,0.0,72325000,-26542000.0,45783000,,45784000,45784000,CIK,2016-06-30
113301,USD,2016,Q3,2016-10-27,2017-10-26,117224000.0,118390000.0,758821000.0,-530117000.0,228704000.0,-99236000.0,-90318000.0,-4564000.0,,129468000.0,-36446000.0,-36446000.0,93022000,-11200000.0,81822000,-29469000.0,52353000,,52353000,52353000,CIK,2016-09-30
113301,USD,2016,Q4,2017-02-23,2017-07-27,117489520.0,118875196.0,858481000.0,-590870000.0,267611000.0,-94301000.0,-81473000.0,-4266000.0,,173310000.0,-35628000.0,-35628000.0,137682000,0.0,137682000,-49538000.0,88144000,,88144000,88144000,CIK,2016-12-31
113301,USD,2017,Q1,2017-04-27,2018-05-03,117623753.0,119331548.0,766074000.0,-555501000.0,210573000.0,-99856000.0,-91605000.0,-4021000.0,,110717000.0,-80225000.0,-80716000.0,30492000,,30492000,-7343000.0,23149000,,22926000,22926000,CIK,2017-03-31
113301,USD,2017,Q2,2017-07-27,2018-08-02,118114090.0,119606829.0,744608000.0,-580681000.0,163927000.0,-92968000.0,-83100000.0,-4580000.0,,70959000.0,-28003000.0,-28494000.0,42956000,-27430000.0,15526000,3092000.0,18618000,,18669000,18669000,CIK,2017-06-30
113301,USD,2017,Q3,2017-10-26,2017-10-26,118328538.0,119690078.0,749814000.0,-530523000.0,219291000.0,-86137000.0,-81454000.0,-3908000.0,,133154000.0,-29088000.0,-29088000.0,104066000,-39100000.0,64966000,-18385000.0,46581000,,46581000,46581000,CIK,2017-09-30
113301,USD,2017,Q4,2018-03-01,2018-03-01,118497619.0,119579833.0,883506000.0,-609149000.0,274357000.0,-74001000.0,-67844000.0,-3561000.0,,200356000.0,-32118000.0,-31136000.0,168238000,0.0,168238000,275635000.0,443873000,,443873000,443873000,CIK,2017-12-31
113301,USD,2018,Q1,2018-05-03,2018-05-03,118496215.0,119813000.0,778832000.0,-572402000.0,206430000.0,-91530000.0,-83901000.0,-4764000.0,,114900000.0,-40881000.0,-41682000.0,74019000,,74019000,-17105000.0,56914000,,56914000,56914000,CIK,2018-03-31
