SimFinId,Currency,Fiscal Year,Fiscal Period,Publish Date,Restated Date,Shares (Basic),Shares (Diluted),Revenue,Cost of Revenue,Gross Profit,Operating Expenses,"Selling, General & Administrative",Research & Development,Depreciation & Amortization,Operating Income (Loss),Non-Operating Income (Loss),"Interest Expense, Net","Pretax Income (Loss), Adj.",Abnormal Gains (Losses),Pretax Income (Loss),"Income Tax (Expense) Benefit, Net",Income (Loss) from Continuing Operations,Net Extraordinary Gains (Losses),Net Income,Net Income (Common),Ticker,Report_Date
378201,USD,2010,Q4,2011-02-23,2013-02-27,306134000.0,311704000.0,2623000000.0,-1492000000.0,1131000000.0,-568000000.0,-301000000.0,-23000000.0,-240000000.0,563000000.0,-86000000.0,-28000000.0,477000000,,477000000,-346000000.0,142000000,,133000000,133000000,PX,2010-12-31
378201,USD,2011,Q1,2011-04-27,2012-04-25,304071000.0,308595000.0,2702000000.0,-1536000000.0,1166000000.0,-575000000.0,-308000000.0,-22000000.0,-244000000.0,591000000.0,-35000000.0,-35000000.0,556000000,,556000000,-156000000.0,409000000,,398000000,398000000,PX,2011-03-31
378201,USD,2011,Q2,2011-07-27,2012-07-25,303709000.0,308253000.0,2858000000.0,-1640000000.0,1218000000.0,-591000000.0,-309000000.0,-23000000.0,-254000000.0,627000000.0,-36000000.0,-36000000.0,591000000,,591000000,-163000000.0,439000000,,425000000,425000000,PX,2011-06-30
378201,USD,2011,Q3,2011-10-26,2012-10-24,301594000.0,305623000.0,2896000000.0,-1684000000.0,1212000000.0,-580000000.0,-307000000.0,-22000000.0,-256000000.0,632000000.0,-36000000.0,-36000000.0,596000000,,596000000,-166000000.0,443000000,,429000000,429000000,PX,2011-09-30
378201,USD,2011,Q4,2012-02-29,2014-02-25,299574000.0,304417000.0,2796000000.0,-1598000000.0,1198000000.0,-579000000.0,-315000000.0,-23000000.0,-249000000.0,619000000.0,-39000000.0,-38000000.0,580000000,,580000000,-156000000.0,431000000,,420000000,420000000,PX,2011-12-31
378201,USD,2012,Q1,2012-04-25,2013-04-24,299077000.0,302876000.0,2840000000.0,-1616000000.0,1224000000.0,-597000000.0,-335000000.0,-24000000.0,-252000000.0,627000000.0,-37000000.0,-37000000.0,590000000,,590000000,-165000000.0,432000000,,419000000,419000000,PX,2012-03-31
378201,USD,2012,Q2,2012-07-25,2013-07-24,298885000.0,302492000.0,2811000000.0,-1602000000.0,1209000000.0,-573000000.0,-310000000.0,-25000000.0,-247000000.0,636000000.0,-33000000.0,-33000000.0,603000000,,603000000,-169000000.0,444000000,,429000000,429000000,PX,2012-06-30
378201,USD,2012,Q3,2012-10-24,2013-10-30,298416000.0,301731000.0,2774000000.0,-1595000000.0,1179000000.0,-556000000.0,-306000000.0,-24000000.0,-248000000.0,623000000.0,-101000000.0,-36000000.0,522000000,,522000000,-90000000.0,440000000,,430000000,430000000,PX,2012-09-30
378201,USD,2012,Q4,2013-02-27,2015-02-27,296886000.0,300281000.0,2799000000.0,-1583000000.0,1216000000.0,-600000000.0,-319000000.0,-25000000.0,-254000000.0,616000000.0,-35000000.0,-35000000.0,581000000,,581000000,-162000000.0,428000000,,414000000,414000000,PX,2012-12-31
378201,USD,2013,Q1,2013-04-24,2014-04-23,296604000.0,299700000.0,2888000000.0,-1638000000.0,1250000000.0,-627000000.0,-337000000.0,-24000000.0,-266000000.0,623000000.0,-63000000.0,-40000000.0,560000000,,560000000,-164000000.0,406000000,,391000000,391000000,PX,2013-03-31
378201,USD,2013,Q2,2013-07-24,2014-07-23,295668000.0,298654000.0,3014000000.0,-1710000000.0,1304000000.0,-639000000.0,-344000000.0,-24000000.0,-275000000.0,665000000.0,-41000000.0,-41000000.0,624000000,,624000000,-174000000.0,461000000,,445000000,445000000,PX,2013-06-30
378201,USD,2013,Q3,2013-10-30,2014-10-29,295124000.0,298357000.0,3013000000.0,-1697000000.0,1316000000.0,-637000000.0,-336000000.0,-24000000.0,-281000000.0,679000000.0,-50000000.0,-41000000.0,629000000,,629000000,-175000000.0,462000000,,445000000,445000000,PX,2013-09-30
378201,USD,2013,Q4,2014-02-25,2016-02-24,294696000.0,299149000.0,3010000000.0,-1699000000.0,1311000000.0,-621000000.0,-332000000.0,-26000000.0,-287000000.0,690000000.0,-56000000.0,-56000000.0,634000000,,634000000,-136000000.0,507000000,,474000000,474000000,PX,2013-12-31
378201,USD,2014,Q1,2014-04-23,2015-04-29,294195000.0,297253000.0,3026000000.0,-1726000000.0,1300000000.0,-625000000.0,-326000000.0,-23000000.0,-285000000.0,675000000.0,-46000000.0,-46000000.0,629000000,,629000000,-176000000.0,462000000,,448000000,448000000,PX,2014-03-31
378201,USD,2014,Q2,2014-07-23,2015-07-29,292945000.0,295976000.0,3113000000.0,-1767000000.0,1346000000.0,-649000000.0,-335000000.0,-24000000.0,-293000000.0,697000000.0,-43000000.0,-43000000.0,654000000,,654000000,-183000000.0,481000000,,467000000,467000000,PX,2014-06-30
378201,USD,2014,Q3,2014-10-29,2015-10-29,292170000.0,295239000.0,3144000000.0,-1780000000.0,1364000000.0,-653000000.0,-327000000.0,-25000000.0,-301000000.0,711000000.0,-45000000.0,-45000000.0,666000000,,666000000,-187000000.0,490000000,,477000000,477000000,PX,2014-09-30
378201,USD,2014,Q4,2015-02-27,2017-03-01,290666000.0,293964000.0,2990000000.0,-1689000000.0,1301000000.0,-638000000.0,-320000000.0,-24000000.0,-291000000.0,663000000.0,-217000000.0,-79000000.0,446000000,,446000000,-145000000.0,313000000,,302000000,302000000,PX,2014-12-31
378201,USD,2015,Q1,2015-04-29,2016-04-29,289143000.0,291652000.0,2757000000.0,-1530000000.0,1227000000.0,-604000000.0,-299000000.0,-24000000.0,-277000000.0,623000000.0,-44000000.0,-44000000.0,579000000,,579000000,-162000000.0,428000000,,416000000,416000000,PX,2015-03-31
378201,USD,2015,Q2,2015-07-29,2016-07-28,287939000.0,290102000.0,2738000000.0,-1516000000.0,1222000000.0,-596000000.0,-297000000.0,-23000000.0,-278000000.0,626000000.0,-186000000.0,-40000000.0,440000000,,440000000,-131000000.0,319000000,,308000000,308000000,PX,2015-06-30
378201,USD,2015,Q3,2015-10-29,2016-10-27,285651000.0,287311000.0,2686000000.0,-1488000000.0,1198000000.0,-578000000.0,-281000000.0,-23000000.0,-276000000.0,620000000.0,-61000000.0,-35000000.0,559000000,,559000000,-156000000.0,413000000,,401000000,401000000,PX,2015-09-30
378201,USD,2015,Q4,2016-02-24,2017-03-01,285287000.0,287155000.0,2595000000.0,-1426000000.0,1169000000.0,-545000000.0,-275000000.0,-23000000.0,-275000000.0,624000000.0,-42000000.0,-42000000.0,582000000,,582000000,-163000000.0,431000000,,422000000,422000000,PX,2015-12-31
378201,USD,2016,Q1,2016-04-29,2017-04-27,285429000.0,286665000.0,2509000000.0,-1381000000.0,1128000000.0,-574000000.0,-274000000.0,-23000000.0,-272000000.0,554000000.0,-65000000.0,-65000000.0,489000000,,489000000,-133000000.0,366000000,,356000000,356000000,PX,2016-03-31
378201,USD,2016,Q2,2016-07-28,2016-07-28,285702000.0,287727000.0,2665000000.0,-1468000000.0,1197000000.0,-609000000.0,-308000000.0,-24000000.0,-281000000.0,588000000.0,-44000000.0,-44000000.0,544000000,,544000000,-146000000.0,409000000,,399000000,399000000,PX,2016-06-30
378201,USD,2016,Q3,2016-10-27,2016-10-27,285858000.0,288195000.0,2716000000.0,-1533000000.0,1183000000.0,-586000000.0,-291000000.0,-22000000.0,-284000000.0,597000000.0,-143000000.0,-43000000.0,454000000,,454000000,-120000000.0,344000000,,339000000,339000000,PX,2016-09-30
378201,USD,2016,Q4,2017-03-01,2017-03-01,285719000.0,288441000.0,2644000000.0,-1478000000.0,1166000000.0,-567000000.0,-272000000.0,-23000000.0,-285000000.0,599000000.0,-38000000.0,-38000000.0,561000000,,561000000,-152000000.0,419000000,,406000000,406000000,PX,2016-12-31
378201,USD,2017,Q1,2017-04-27,2018-04-26,285509000.0,287384000.0,2728000000.0,-1549000000.0,1179000000.0,-606000000.0,-290000000.0,-23000000.0,-287000000.0,573000000.0,-47000000.0,-41000000.0,526000000,15000000.0,541000000,-149000000.0,404000000,,389000000,389000000,PX,2017-03-31
378201,USD,2017,Q2,2017-07-27,2018-07-26,286090000.0,288535000.0,2834000000.0,-1599000000.0,1235000000.0,-614000000.0,-305000000.0,-23000000.0,-292000000.0,621000000.0,-53000000.0,-38000000.0,568000000,-2000000.0,566000000,-157000000.0,420000000,,406000000,406000000,PX,2017-06-30
378201,USD,2017,Q3,2017-10-26,2018-11-09,286467000.0,289216000.0,2922000000.0,-1652000000.0,1270000000.0,-624000000.0,-300000000.0,-23000000.0,-298000000.0,646000000.0,-55000000.0,-41000000.0,591000000,-6000000.0,585000000,-162000000.0,435000000,,419000000,419000000,PX,2017-09-30
378201,USD,2017,Q4,2018-04-30,2018-11-09,286978000.0,291321000.0,2953000000.0,-1655000000.0,1298000000.0,-636000000.0,-312000000.0,-24000000.0,-307000000.0,662000000.0,-60000000.0,-41000000.0,602000000,-7000000.0,595000000,-558000000.0,49000000,,33000000,33000000,PX,2017-12-31
378201,USD,2018,Q1,2018-04-26,2018-04-26,287504000.0,290809000.0,2999000000.0,-1677000000.0,1322000000.0,-650000000.0,-310000000.0,-24000000.0,-311000000.0,672000000.0,-65000000.0,-46000000.0,607000000,-2000000.0,605000000,-148000000.0,472000000,,462000000,462000000,PX,2018-03-31
378201,USD,2018,Q2,2018-07-26,2018-07-26,287803000.0,290908000.0,3061000000.0,-1723000000.0,1338000000.0,-625000000.0,-307000000.0,-24000000.0,-311000000.0,713000000.0,-68000000.0,-44000000.0,645000000,-2000000.0,643000000,-158000000.0,499000000,,480000000,480000000,PX,2018-06-30
