SimFinId,Currency,Fiscal Year,Fiscal Period,Publish Date,Restated Date,Shares (Basic),Shares (Diluted),Revenue,Cost of Revenue,Gross Profit,Operating Expenses,"Selling, General & Administrative",Research & Development,Depreciation & Amortization,Operating Income (Loss),Non-Operating Income (Loss),"Interest Expense, Net","Pretax Income (Loss), Adj.",Abnormal Gains (Losses),Pretax Income (Loss),"Income Tax (Expense) Benefit, Net",Income (Loss) from Continuing Operations,Net Extraordinary Gains (Losses),Net Income,Net Income (Common),Ticker,Report_Date
338837,USD,2015,Q2,2015-01-13,2016-01-12,3343137.0,3343137.0,6705095.0,-4716882.0,1988213.0,-1216975.0,-1216975.0,,,771238.0,7075.0,,778313,,778313,-274000.0,504313,,504313,504313,TAYD,2014-11-30
338837,USD,2015,Q3,2015-04-14,2016-04-12,3344059.0,3344059.0,6566338.0,-4832139.0,1734199.0,-1270818.0,-1270818.0,,,463381.0,3373.0,,466754,,466754,-75000.0,391754,,391754,391754,TAYD,2015-02-28
338837,USD,2015,Q4,2015-08-27,2016-08-29,3370002.0,3578706.0,10766451.0,-7429419.0,3337032.0,-2108636.0,-2108636.0,,,1228396.0,-1821.0,3988.0,1226575,,1226575,-340000.0,886575,,886575,886575,TAYD,2015-05-31
338837,USD,2016,Q1,2015-10-07,2016-10-14,3365821.0,3365821.0,9473414.0,-6098126.0,3375288.0,-1826989.0,-1826989.0,,,1548299.0,3350.0,,1551649,,1551649,-542000.0,1009649,,1009649,1009649,TAYD,2015-08-31
338837,USD,2016,Q2,2016-01-12,2017-01-12,3370018.0,3370018.0,8819548.0,-5824754.0,2994794.0,-1576225.0,-1576225.0,,,1418569.0,6089.0,,1424658,,1424658,-500000.0,924658,,924658,924658,TAYD,2015-11-30
338837,USD,2016,Q3,2016-04-12,2017-04-13,3378446.0,3378446.0,8326147.0,-5010028.0,3316119.0,-1645236.0,-1645236.0,,,1670883.0,2721.0,,1673604,,1673604,-492000.0,1181604,,1181604,1181604,TAYD,2016-02-29
338837,USD,2016,Q4,2016-08-29,2017-08-29,3461391.0,3791423.0,9061340.0,-6310543.0,2750797.0,-1640141.0,-1640141.0,,,1110656.0,5658.0,10748.0,1116314,,1116314,-24000.0,1092314,,1092314,1092314,TAYD,2016-05-31
338837,USD,2017,Q1,2016-10-14,2017-10-12,3412858.0,3412858.0,5755713.0,-4307589.0,1448124.0,-1181974.0,-1181974.0,,,266150.0,9684.0,,275834,,275834,-66000.0,209834,,209834,209834,TAYD,2016-08-31
338837,USD,2017,Q2,2017-01-12,2018-01-12,3415683.0,3415683.0,7807465.0,-5061495.0,2745970.0,-1373726.0,-1373726.0,,,1372244.0,26036.0,,1398280,,1398280,-460000.0,938280,,938280,938280,TAYD,2016-11-30
338837,USD,2017,Q3,2017-04-13,2018-04-13,3421350.0,3421350.0,5672720.0,-4028768.0,1643952.0,-1178310.0,-1178310.0,,,465642.0,14561.0,,480203,,480203,-142000.0,338203,,338203,338203,TAYD,2017-02-28
338837,USD,2017,Q4,2017-08-29,2017-08-29,3478557.0,3770885.0,6301098.0,-4153311.0,2147787.0,-1331091.0,-1331091.0,,,816696.0,16564.0,38842.0,833260,,833260,11000.0,844260,,844260,844260,TAYD,2017-05-31
338837,USD,2018,Q1,2017-10-12,2017-10-12,3443475.0,3443475.0,6567720.0,-4950068.0,1617652.0,-1207568.0,-1207568.0,,,410084.0,3663.0,,413747,,413747,-112000.0,301747,,301747,301747,TAYD,2017-08-31
338837,USD,2018,Q2,2018-01-12,2018-01-12,3445429.0,3445429.0,4811774.0,-3550083.0,1261691.0,-1226607.0,-1226607.0,,,35084.0,7063.0,,42147,,42147,10000.0,52147,,52147,52147,TAYD,2017-11-30
338837,USD,2018,Q3,2018-04-13,2018-04-13,3449366.0,3449366.0,6573658.0,-5118242.0,1455416.0,-1318787.0,-1318787.0,,,136629.0,8954.0,,145583,,145583,-169000.0,-23417,,-23417,-23417,TAYD,2018-02-28
338837,USD,2018,Q4,2018-08-29,2018-08-29,3493926.0,3617430.0,6410815.0,-4821367.0,1589448.0,-1523612.0,-1523612.0,,,65836.0,9057.0,26861.0,74893,,74893,38000.0,112893,,112893,112893,TAYD,2018-05-31
338837,USD,2019,Q1,2018-10-11,2018-10-11,3466589.0,3466589.0,7314094.0,-5007831.0,2306263.0,-1374617.0,-1374617.0,,,931646.0,-12814.0,,918832,,918832,-178000.0,740832,,740832,740832,TAYD,2018-08-31
338837,USD,2019,Q2,2019-01-04,2019-01-04,3466796.0,3466796.0,9479159.0,-7329815.0,2149344.0,-1719418.0,-1719418.0,,,429926.0,26591.0,,456517,,456517,-81000.0,375517,,375517,375517,TAYD,2018-11-30
338837,USD,2019,Q3,2019-03-29,2019-03-29,3467250.0,3467250.0,7812496.0,-5833620.0,1978876.0,-1458061.0,-1458061.0,,,520815.0,23971.0,,544786,,544786,-99000.0,445786,,445786,445786,TAYD,2019-02-28
338837,USD,2019,Q4,2019-08-02,2019-08-02,3481745.0,3549917.0,9013282.0,-6399989.0,2613293.0,-1493888.0,-1493888.0,,,1119405.0,19985.0,,1139390,,1139390,-157000.0,982390,,982390,982390,TAYD,2019-05-31
338837,USD,2020,Q1,2019-09-26,2019-09-26,3478636.0,3478636.0,5708639.0,-4025762.0,1682877.0,-1290531.0,-1290531.0,,,392346.0,37231.0,,429577,,429577,-75000.0,354577,,354577,354577,TAYD,2019-08-31
338837,USD,2020,Q2,2019-12-27,2019-12-27,3478716.0,3478716.0,7702425.0,-5060703.0,2641722.0,-1526327.0,-1526327.0,,,1115395.0,26611.0,,1142006,,1142006,-225000.0,917006,,917006,917006,TAYD,2019-11-30
338837,USD,2020,Q3,2020-03-25,2021-03-26,3478914.0,3478914.0,7234195.0,-4861257.0,2372938.0,-1437981.0,-1437981.0,,,934957.0,36795.0,,971752,,971752,-189000.0,782752,,782752,782752,TAYD,2020-02-29
