SimFinId,Currency,Fiscal Year,Fiscal Period,Publish Date,Restated Date,Shares (Basic),Shares (Diluted),Revenue,Cost of Revenue,Gross Profit,Operating Expenses,"Selling, General & Administrative",Research & Development,Depreciation & Amortization,Operating Income (Loss),Non-Operating Income (Loss),"Interest Expense, Net","Pretax Income (Loss), Adj.",Abnormal Gains (Losses),Pretax Income (Loss),"Income Tax (Expense) Benefit, Net",Income (Loss) from Continuing Operations,Net Extraordinary Gains (Losses),Net Income,Net Income (Common),Ticker,Report_Date
412883,USD,2010,Q2,2010-08-06,2011-08-03,31195000.0,31512000.0,378124000.0,-246198000.0,131926000.0,-85823000.0,-24105000.0,,-16915000.0,46103000.0,-3175000.0,-165000.0,42928000,,42928000,-16273000.0,26655000,,26704000,26704000,PNRA,2010-06-30
412883,USD,2010,Q3,2010-11-05,2011-10-31,30273000.0,30534000.0,371994000.0,-248404000.0,123590000.0,-87594000.0,-24297000.0,,-16300000.0,35996000.0,375000.0,-165000.0,36371000,,36371000,-13656000.0,22715000,,22797000,22797000,PNRA,2010-09-30
412883,USD,2010,Q4,2011-02-22,2013-02-15,29818000.0,30121000.0,428161000.0,-271093000.0,157068000.0,-96259000.0,-28080000.0,,-18449000.0,60809000.0,-1632000.0,-177000.0,59177000,,59177000,-22793000.0,36384000,,36520000,36520000,PNRA,2010-12-31
412883,USD,2011,Q1,2011-05-04,2012-04-25,29845000.0,30160000.0,422100000.0,-275056000.0,147044000.0,-94070000.0,-26671000.0,,-19094000.0,52974000.0,579000.0,-225000.0,53553000,,53553000,-20779000.0,32774000,,32774000,32774000,PNRA,2011-03-31
412883,USD,2011,Q2,2011-08-03,2012-07-25,29867000.0,30198000.0,451080000.0,-292944000.0,158136000.0,-101004000.0,-25001000.0,,-19707000.0,57132000.0,-21000.0,-197000.0,57111000,,57111000,-21401000.0,35710000,,35710000,35710000,PNRA,2011-06-30
412883,USD,2011,Q3,2011-10-31,2012-10-24,29548000.0,29829000.0,453087000.0,-299982000.0,153105000.0,-105498000.0,-28844000.0,,-20068000.0,47607000.0,-1031000.0,-194000.0,46576000,,46576000,-17728000.0,28848000,,28848000,28848000,PNRA,2011-09-30
412883,USD,2011,Q4,2012-03-20,2014-02-20,29144000.0,29425000.0,495765000.0,-317987000.0,177778000.0,-115232000.0,-32567000.0,,-21030000.0,62546000.0,117000.0,-206000.0,62663000,,62663000,-24043000.0,38620000,,38620000,38620000,PNRA,2011-12-31
412883,USD,2012,Q1,2012-04-25,2013-04-24,29183000.0,29458000.0,498579000.0,-324108000.0,174471000.0,-107115000.0,-26667000.0,,-21321000.0,67356000.0,-648000.0,-210000.0,66708000,,66708000,-25524000.0,41184000,,41184000,41184000,PNRA,2012-03-31
412883,USD,2012,Q2,2012-07-25,2013-07-24,29201000.0,29466000.0,530591000.0,-338744000.0,191847000.0,-119644000.0,-30844000.0,,-22141000.0,72203000.0,-490000.0,-202000.0,71713000,,71713000,-27576000.0,44137000,,44137000,44137000,PNRA,2012-06-30
412883,USD,2012,Q3,2012-10-24,2013-10-23,29242000.0,29455000.0,529338000.0,-346634000.0,182704000.0,-122705000.0,-30891000.0,,-23828000.0,59999000.0,-955000.0,-263000.0,59044000,,59044000,-22529000.0,36515000,,36515000,36515000,PNRA,2012-09-30
412883,USD,2012,Q4,2013-02-15,2015-02-23,29242000.0,29441000.0,571549000.0,-364339000.0,207210000.0,-123898000.0,-29530000.0,,-23649000.0,83312000.0,2219000.0,-407000.0,85531000,,85531000,-33919000.0,51612000,,51612000,51612000,PNRA,2012-12-31
412883,USD,2013,Q1,2013-04-24,2014-04-30,29150000.0,29326000.0,561779000.0,-363766000.0,198013000.0,-121708000.0,-28307000.0,,-24365000.0,76305000.0,2118000.0,-302000.0,78423000,,78423000,-30306000.0,48117000,,48117000,48117000,PNRA,2013-03-31
412883,USD,2013,Q2,2013-07-24,2014-07-30,29092000.0,29287000.0,589011000.0,-376340000.0,212671000.0,-129236000.0,-29743000.0,,-25267000.0,83435000.0,618000.0,-178000.0,84053000,,84053000,-33011000.0,51042000,,51042000,51042000,PNRA,2013-06-30
412883,USD,2013,Q3,2013-10-23,2014-10-29,28744000.0,28899000.0,572480000.0,-376734000.0,195746000.0,-131177000.0,-28837000.0,,-26329000.0,64569000.0,-399000.0,-75000.0,64170000,,64170000,-21408000.0,42762000,,42762000,42762000,PNRA,2013-09-30
412883,USD,2013,Q4,2014-02-20,2016-02-18,27530000.0,27664000.0,661732000.0,-425215000.0,236517000.0,-151070000.0,-36448000.0,,-30562000.0,85447000.0,627000.0,-498000.0,86074000,0.0,86074000,-31826000.0,54248000,,54248000,54248000,PNRA,2013-12-31
412883,USD,2014,Q1,2014-04-30,2015-04-29,27269000.0,27405000.0,605337000.0,-396242000.0,209095000.0,-142090000.0,-35007000.0,,-29442000.0,67005000.0,589000.0,-623000.0,67594000,0.0,67594000,-25199000.0,42395000,,42395000,42395000,PNRA,2014-03-31
412883,USD,2014,Q2,2014-07-30,2015-07-29,26951000.0,27086000.0,631055000.0,-414742000.0,216313000.0,-142371000.0,-32229000.0,,-30052000.0,73942000.0,3702000.0,-301000.0,77644000,0.0,77644000,-28452000.0,49192000,,49192000,49192000,PNRA,2014-06-30
412883,USD,2014,Q3,2014-10-29,2015-10-28,26715000.0,26813000.0,619890000.0,-415107000.0,204783000.0,-146824000.0,-34460000.0,,-31187000.0,57959000.0,257000.0,-462000.0,58216000,0.0,58216000,-19002000.0,39214000,,39214000,39214000,PNRA,2014-09-30
412883,USD,2014,Q4,2015-02-23,2017-02-22,26589000.0,26692000.0,672913000.0,-441406000.0,231507000.0,-154470000.0,-36364000.0,,-33428000.0,77037000.0,-3197000.0,-438000.0,73840000,0.0,73840000,-25348000.0,48492000,,48492000,48492000,PNRA,2014-12-31
412883,USD,2015,Q1,2015-04-29,2016-04-27,26478000.0,26569000.0,648504000.0,-434316000.0,214188000.0,-154100000.0,-37767000.0,,-33947000.0,60088000.0,-302000.0,-486000.0,59786000,-8891000.0,50895000,-19035000.0,31860000,,31860000,31860000,PNRA,2015-03-31
412883,USD,2015,Q2,2015-07-29,2016-07-27,26158000.0,26275000.0,676657000.0,-456057000.0,220600000.0,-151521000.0,-28173000.0,,-32335000.0,69079000.0,-1604000.0,-417000.0,67475000,-667000.0,66808000,-24879000.0,41929000,,41929000,41929000,PNRA,2015-06-30
412883,USD,2015,Q3,2015-10-28,2016-10-26,25394000.0,25501000.0,664654000.0,-453914000.0,210740000.0,-156464000.0,-37575000.0,,-33885000.0,54276000.0,-1308000.0,-1363000.0,52968000,-2174000.0,50794000,-18401000.0,32393000,,32393000,32393000,PNRA,2015-09-30
412883,USD,2015,Q4,2016-02-18,2017-02-22,24710000.0,24807000.0,691765000.0,-456565000.0,235200000.0,-159941000.0,-39389000.0,,-35231000.0,75259000.0,-1808000.0,-1564000.0,73451000,-5376000.0,68075000,-24932000.0,43143000,,43160000,43160000,PNRA,2015-12-31
412883,USD,2016,Q1,2016-04-27,2017-04-26,24105000.0,24214000.0,685153000.0,-452385000.0,232768000.0,-175066000.0,-48182000.0,,-36257000.0,57702000.0,-1488000.0,-1739000.0,56214000,-1071000.0,55143000,-20145000.0,34998000,,35088000,35088000,PNRA,2016-03-31
412883,USD,2016,Q2,2016-07-27,2016-07-27,23569000.0,23702000.0,698900000.0,-462301000.0,236599000.0,-168496000.0,-38937000.0,,-38831000.0,68103000.0,-1905000.0,-1791000.0,66198000,-7872000.0,58326000,-23770000.0,34556000,,34501000,34501000,PNRA,2016-06-30
412883,USD,2016,Q3,2016-10-26,2016-10-26,23276000.0,23391000.0,684206000.0,-456893000.0,227313000.0,-174963000.0,-43538000.0,,-38985000.0,52350000.0,-2940000.0,-2529000.0,49410000,-129000.0,49281000,-17371000.0,31910000,,31975000,31975000,PNRA,2016-09-30
412883,USD,2016,Q4,2017-04-25,2017-04-25,22826000.0,22953000.0,727106000.0,-474212000.0,252894000.0,-182214000.0,-49219000.0,,-40282000.0,70680000.0,-3931000.0,-2825000.0,66749000,0.0,66749000,-22972000.0,43777000,,44010000,44010000,PNRA,2016-12-31
