SimFinId,Currency,Fiscal Year,Fiscal Period,Publish Date,Restated Date,Shares (Basic),Shares (Diluted),Revenue,Cost of Revenue,Gross Profit,Operating Expenses,"Selling, General & Administrative",Research & Development,Depreciation & Amortization,Operating Income (Loss),Non-Operating Income (Loss),"Interest Expense, Net","Pretax Income (Loss), Adj.",Abnormal Gains (Losses),Pretax Income (Loss),"Income Tax (Expense) Benefit, Net",Income (Loss) from Continuing Operations,Net Extraordinary Gains (Losses),Net Income,Net Income (Common),Ticker,Report_Date
809892,USD,2014,Q3,2014-11-11,2015-11-16,78428000.0,78428000.0,8333000.0,-20142000.0,-11809000.0,-46548000.0,-42390000.0,-431000.0,-3727000.0,-58357000.0,-3558000.0,-3261000.0,-61915000,,-61915000,10222000.0,-51693000,,-35278000,-35278000,VSLR,2014-09-30
809892,USD,2014,Q4,2015-02-11,2017-03-16,105356000.0,103025000.0,6860000.0,-21310000.0,-14450000.0,-25508000.0,-21263000.0,-489000.0,-3756000.0,-39958000.0,-1898000.0,-1988000.0,-41856000,,-41856000,3784000.0,-38072000,,-6139000,-6139000,VSLR,2014-12-31
809892,USD,2015,Q1,2015-05-14,2016-05-09,105303000.0,109051000.0,9545000.0,-24318000.0,-14773000.0,-29408000.0,-25063000.0,-582000.0,-3763000.0,-44181000.0,-2440000.0,-2127000.0,-46621000,-4506000.0,-51127000,-8848000.0,-59975000,,12149000,12149000,VSLR,2015-03-31
809892,USD,2015,Q2,2015-08-11,2016-08-08,105988000.0,109794000.0,16135000.0,-33771000.0,-17636000.0,-54702000.0,-50061000.0,-920000.0,-3721000.0,-72338000.0,-2790000.0,-2730000.0,-75128000,,-75128000,-14577000.0,-89705000,,13653000,13653000,VSLR,2015-06-30
809892,USD,2015,Q3,2015-11-16,2016-11-08,106492000.0,110223000.0,22474000.0,-38094000.0,-15620000.0,-38763000.0,-34005000.0,-1047000.0,-3711000.0,-54383000.0,-3377000.0,-3351000.0,-57760000,,-57760000,7448000.0,-50312000,,468000,468000,VSLR,2015-09-30
809892,USD,2015,Q4,2016-03-15,2018-03-07,106569000.0,110364000.0,16028000.0,-36792000.0,-20764000.0,-34942000.0,-31613000.0,-1352000.0,-1977000.0,-55706000.0,-3807000.0,-4360000.0,-59513000,0.0,-59513000,6240000.0,-53273000,,-13190000,-13190000,VSLR,2015-12-31
809892,USD,2016,Q1,2016-05-09,2017-05-09,106619000.0,106619000.0,17230000.0,-38182000.0,-20952000.0,-37065000.0,-35568000.0,-1232000.0,-265000.0,-58017000.0,-5795000.0,-5765000.0,-63812000,-36601000.0,-100413000,-5149000.0,-105562000,,-31219000,-31219000,VSLR,2016-03-31
809892,USD,2016,Q2,2016-08-08,2017-08-08,107226000.0,111380000.0,34904000.0,-42254000.0,-7350000.0,-29176000.0,-28877000.0,-144000.0,-155000.0,-36526000.0,-7722000.0,-7413000.0,-44248000,,-44248000,-8055000.0,-52303000,,12371000,12371000,VSLR,2016-06-30
809892,USD,2016,Q3,2016-11-08,2017-11-07,108692000.0,113344000.0,41262000.0,-45736000.0,-4474000.0,-28823000.0,-27639000.0,-842000.0,-342000.0,-33297000.0,-8927000.0,-9361000.0,-42224000,,-42224000,2959000.0,-39265000,,16696000,16696000,VSLR,2016-09-30
809892,USD,2016,Q4,2017-03-16,2018-03-07,110223000.0,118809000.0,41771000.0,-47809000.0,-6038000.0,-32054000.0,-31154000.0,-761000.0,-139000.0,-38092000.0,-10127000.0,-11469000.0,-48219000,0.0,-48219000,2812000.0,-45407000,,20138000,20138000,VSLR,2016-12-31
809892,USD,2017,Q1,2017-05-09,2018-05-08,110765000.0,116398000.0,53114000.0,-53735000.0,-621000.0,-30433000.0,-29397000.0,-896000.0,-140000.0,-31054000.0,-14997000.0,-14721000.0,-46051000,,-46051000,-9401000.0,-55452000,,13292000,13292000,VSLR,2017-03-31
809892,USD,2017,Q2,2017-08-08,2018-08-07,112351000.0,117570000.0,72995000.0,-56594000.0,16401000.0,-30746000.0,-29712000.0,-895000.0,-139000.0,-14345000.0,-17553000.0,-16838000.0,-31898000,,-31898000,-5156000.0,-37054000,,4980000,4980000,VSLR,2017-06-30
809892,USD,2017,Q3,2017-11-07,2018-11-06,114505000.0,119465000.0,75139000.0,-56899000.0,18240000.0,-30222000.0,-29187000.0,-896000.0,-139000.0,-11982000.0,-16343000.0,-16148000.0,-28325000,,-28325000,-9375000.0,-37700000,,6905000,6905000,VSLR,2017-09-30
809892,USD,2017,Q4,2018-03-07,2019-03-05,114907000.0,119639000.0,66780000.0,-63054000.0,3726000.0,-30592000.0,-30357000.0,-653000.0,418000.0,-26866000.0,-15723000.0,-16557000.0,-42589000,,-42589000,181265000.0,138676000,,183921000,183921000,VSLR,2017-12-31
809892,USD,2018,Q1,2018-05-08,2019-05-09,115155000.0,115155000.0,68250000.0,-64732000.0,3518000.0,-31598000.0,-31112000.0,-486000.0,,-28080000.0,-14661000.0,-16922000.0,-42741000,,-42741000,-18643000.0,-61384000,,-12976000,-12976000,VSLR,2018-03-31
809892,USD,2018,Q2,2018-08-07,2018-08-07,116650000.0,121753000.0,80798000.0,-60356000.0,20442000.0,-36553000.0,-35912000.0,-511000.0,-130000.0,-16111000.0,-7227000.0,-11336000.0,-23338000,,-23338000,-35352000.0,-58690000,,18116000,18116000,VSLR,2018-06-30
809892,USD,2018,Q3,2019-03-04,2019-03-04,118767000.0,118767000.0,77816000.0,-59835000.0,17981000.0,-46261000.0,-45644000.0,-475000.0,-142000.0,-28280000.0,-18714000.0,-18715000.0,-46994000,,-46994000,-25698000.0,-72692000,,-7868000,-7868000,VSLR,2018-09-30
809892,USD,2018,Q4,2019-03-05,2019-03-05,119688000.0,114585000.0,63457000.0,-63372000.0,85000.0,-40108000.0,-39985000.0,-395000.0,272000.0,-40023000.0,-20168000.0,-18335000.0,-60191000,,-60191000,-26606000.0,-86797000,,-12864000,-12864000,VSLR,2018-12-31
809892,USD,2019,Q1,2019-05-09,2019-05-09,120307000.0,120307000.0,69371000.0,-57454000.0,11917000.0,-53152000.0,-52683000.0,-469000.0,,-41235000.0,-20512000.0,-19127000.0,-61747000,,-61747000,-27487000.0,-89234000,,-26242000,-26242000,VSLR,2019-03-31
809892,USD,2019,Q2,2019-08-08,2019-08-08,120869000.0,120869000.0,90757000.0,-58865000.0,31892000.0,-68766000.0,-68242000.0,-524000.0,,-36874000.0,-20837000.0,-19472000.0,-57711000,,-57711000,-29950000.0,-87661000,,-28567000,-28567000,VSLR,2019-06-30
809892,USD,2019,Q3,2019-11-06,2019-11-06,121730000.0,121730000.0,103849000.0,-68437000.0,35412000.0,-79391000.0,-78881000.0,-510000.0,,-43979000.0,-26711000.0,-22804000.0,-70690000,,-70690000,-50410000.0,-121100000,,-13835000,-13835000,VSLR,2019-09-30
809892,USD,2019,Q4,2020-03-10,2020-03-10,122334000.0,122334000.0,77064000.0,-73790000.0,3274000.0,-69750000.0,-69210000.0,-540000.0,,-66476000.0,-15697000.0,-20920000.0,-82173000,,-82173000,-43152000.0,-125325000,,-33531000,-33531000,VSLR,2019-12-31
809892,USD,2020,Q1,2020-05-07,2020-05-07,123922000.0,123922000.0,91151000.0,-74871000.0,16280000.0,-68190000.0,-67634000.0,-556000.0,,-51910000.0,-49990000.0,-21632000.0,-101900000,,-101900000,-23414000.0,-125314000,,-40260000,-40260000,VSLR,2020-03-31
