SimFinId,Currency,Fiscal Year,Fiscal Period,Publish Date,Restated Date,Shares (Basic),Shares (Diluted),Revenue,Cost of Revenue,Gross Profit,Operating Expenses,"Selling, General & Administrative",Research & Development,Depreciation & Amortization,Operating Income (Loss),Non-Operating Income (Loss),"Interest Expense, Net","Pretax Income (Loss), Adj.",Abnormal Gains (Losses),Pretax Income (Loss),"Income Tax (Expense) Benefit, Net",Income (Loss) from Continuing Operations,Net Extraordinary Gains (Losses),Net Income,Net Income (Common),Ticker,Report_Date
515267,USD,2014,Q4,2015-02-19,2017-02-14,807472451.0,840390411.0,8154000000.0,-4195000000.0,3959000000.0,-3428000000.0,-2333000000.0,,-1090000000.0,531000000.0,-233000000.0,-254000000.0,298000000,-98000000.0,200000000,-99000000.0,101000000,,101000000,101000000,TMUS,2014-12-31
515267,USD,2015,Q1,2015-04-28,2016-04-26,808605526.0,808605526.0,7778000000.0,-4074000000.0,3704000000.0,-3459000000.0,-2372000000.0,,-1087000000.0,245000000.0,-221000000.0,-213000000.0,24000000,-128000000.0,-104000000,41000000.0,-63000000,,-63000000,-77000000,TMUS,2015-03-31
515267,USD,2015,Q2,2015-07-30,2016-07-27,811605031.0,821122537.0,8179000000.0,-4058000000.0,4121000000.0,-3513000000.0,-2438000000.0,,-1075000000.0,608000000.0,-234000000.0,-235000000.0,374000000,-11000000.0,363000000,-2000000.0,361000000,,361000000,347000000,TMUS,2015-06-30
515267,USD,2015,Q3,2015-10-27,2016-10-24,815069272.0,822017220.0,7849000000.0,-3363000000.0,4486000000.0,-3781000000.0,-2624000000.0,,-1157000000.0,705000000.0,-275000000.0,-274000000.0,430000000,-192000000.0,238000000,-100000000.0,138000000,,138000000,125000000,TMUS,2015-09-30
515267,USD,2015,Q4,2016-02-17,2017-02-14,816696283.0,838726469.0,8247000000.0,-3403000000.0,4844000000.0,-4124000000.0,-2755000000.0,,-1369000000.0,720000000.0,-357000000.0,-354000000.0,363000000,118000000.0,481000000,-184000000.0,297000000,,297000000,283000000,TMUS,2015-12-31
515267,USD,2016,Q1,2016-04-26,2017-04-24,819431761.0,859382827.0,8664000000.0,-3795000000.0,4869000000.0,-4301000000.0,-2749000000.0,,-1552000000.0,568000000.0,-417000000.0,-415000000.0,151000000,600000000.0,751000000,-272000000.0,479000000,,479000000,465000000,TMUS,2016-03-31
515267,USD,2016,Q2,2016-07-27,2017-07-20,822434490.0,829752956.0,9287000000.0,-4048000000.0,5239000000.0,-4347000000.0,-2772000000.0,,-1575000000.0,892000000.0,-461000000.0,-458000000.0,431000000,-59000000.0,372000000,-147000000.0,225000000,,225000000,211000000,TMUS,2016-06-30
515267,USD,2016,Q3,2016-10-24,2016-10-24,822998697.0,832257819.0,9246000000.0,-3975000000.0,5271000000.0,-4466000000.0,-2898000000.0,,-1568000000.0,805000000.0,-391000000.0,-390000000.0,414000000,184000000.0,598000000,-232000000.0,366000000,,366000000,353000000,TMUS,2016-09-30
515267,USD,2016,Q4,2017-02-14,2017-02-14,825016152.0,810824578.0,10045000000.0,-4732000000.0,5313000000.0,-4507000000.0,-2959000000.0,,-1548000000.0,806000000.0,-206000000.0,-206000000.0,600000000,6000000.0,606000000,-216000000.0,390000000,,390000000,376000000,TMUS,2016-12-31
515267,USD,2017,Q1,2017-04-24,2017-04-24,827723034.0,869395250.0,9613000000.0,-4094000000.0,5519000000.0,-4519000000.0,-2955000000.0,,-1564000000.0,1000000000.0,-430000000.0,-432000000.0,570000000,37000000.0,607000000,91000000.0,698000000,,698000000,684000000,TMUS,2017-03-31
515267,USD,2017,Q2,2017-07-20,2017-07-20,830971528.0,870456447.0,10213000000.0,-4364000000.0,5849000000.0,-4434000000.0,-2915000000.0,,-1519000000.0,1415000000.0,-482000000.0,-390000000.0,933000000,1000000.0,934000000,-353000000.0,581000000,,581000000,567000000,TMUS,2017-06-30
515267,USD,2017,Q3,2017-10-23,2017-10-23,831189779.0,871420065.0,10019000000.0,-4211000000.0,5808000000.0,-4514000000.0,-3098000000.0,,-1416000000.0,1294000000.0,-417000000.0,-418000000.0,877000000,29000000.0,906000000,-356000000.0,550000000,,550000000,537000000,TMUS,2017-09-30
515267,USD,2017,Q4,2018-02-08,2018-02-08,837515951.0,875878038.0,10759000000.0,-5039000000.0,5720000000.0,-4776000000.0,-3291000000.0,,-1485000000.0,944000000.0,-398000000.0,-414000000.0,546000000,168000000.0,714000000,1993000000.0,2707000000,,2707000000,2693000000,TMUS,2017-12-31
515267,USD,2018,Q1,2018-05-01,2018-05-01,855222664.0,862244084.0,10455000000.0,-4434000000.0,6021000000.0,-4739000000.0,-3164000000.0,,-1575000000.0,1282000000.0,-401000000.0,-411000000.0,881000000,0.0,881000000,-210000000.0,671000000,,671000000,671000000,TMUS,2018-03-31
515267,USD,2018,Q2,2018-08-01,2018-08-01,847660488.0,852040670.0,10571000000.0,-4302000000.0,6269000000.0,-4819000000.0,-3185000000.0,,-1634000000.0,1450000000.0,-382000000.0,-318000000.0,1068000000,0.0,1068000000,-286000000.0,782000000,,782000000,782000000,TMUS,2018-06-30
515267,USD,2018,Q3,2018-10-30,2018-10-30,847087120.0,853852764.0,10839000000.0,-4448000000.0,6391000000.0,-4951000000.0,-3314000000.0,,-1637000000.0,1440000000.0,-310000000.0,-313000000.0,1130000000,0.0,1130000000,-335000000.0,795000000,,795000000,795000000,TMUS,2018-09-30
515267,USD,2018,Q4,2019-02-07,2019-02-07,849006336.0,865023178.0,11445000000.0,-5170000000.0,6275000000.0,-5138000000.0,-3498000000.0,,-1640000000.0,1137000000.0,-299000000.0,-296000000.0,838000000,0.0,838000000,-198000000.0,640000000,,640000000,640000000,TMUS,2018-12-31
515267,USD,2019,Q1,2019-04-25,2019-04-25,851223498.0,858643481.0,11080000000.0,-4562000000.0,6518000000.0,-5042000000.0,-3442000000.0,,-1600000000.0,1476000000.0,-273000000.0,-280000000.0,1203000000,,1203000000,-295000000.0,908000000,,908000000,719000000,TMUS,2019-03-31
515267,USD,2019,Q2,2019-07-26,2019-07-26,854368443.0,860135593.0,10979000000.0,-4310000000.0,6669000000.0,-5128000000.0,-3543000000.0,,-1585000000.0,1541000000.0,-301000000.0,-279000000.0,1240000000,,1240000000,-301000000.0,939000000,,939000000,939000000,TMUS,2019-06-30
515267,USD,2019,Q3,2019-10-28,2019-10-28,854578241.0,862690751.0,11061000000.0,-4437000000.0,6624000000.0,-5153000000.0,-3498000000.0,,-1655000000.0,1471000000.0,-276000000.0,-279000000.0,1195000000,,1195000000,-325000000.0,870000000,,870000000,613000000,TMUS,2019-09-30
515267,USD,2019,Q4,2020-02-06,2020-02-06,856404822.0,872264219.0,11878000000.0,-5212000000.0,6666000000.0,-5432000000.0,-3656000000.0,,-1776000000.0,1234000000.0,-269000000.0,-273000000.0,965000000,,965000000,-214000000.0,751000000,,751000000,1197000000,TMUS,2019-12-31
515267,USD,2020,Q1,2020-05-06,2021-05-04,858148284.0,865998532.0,11113000000.0,-4168000000.0,6945000000.0,-5406000000.0,-3688000000.0,,-1718000000.0,1539000000.0,-282000000.0,-272000000.0,1257000000,,1257000000,-306000000.0,951000000,,951000000,951000000,TMUS,2020-03-31
