SimFinId,Currency,Fiscal Year,Fiscal Period,Publish Date,Restated Date,Shares (Basic),Shares (Diluted),Revenue,Cost of Revenue,Gross Profit,Operating Expenses,"Selling, General & Administrative",Research & Development,Depreciation & Amortization,Operating Income (Loss),Non-Operating Income (Loss),"Interest Expense, Net","Pretax Income (Loss), Adj.",Abnormal Gains (Losses),Pretax Income (Loss),"Income Tax (Expense) Benefit, Net",Income (Loss) from Continuing Operations,Net Extraordinary Gains (Losses),Net Income,Net Income (Common),Ticker,Report_Date
558197,USD,2011,Q2,2011-08-06,2012-08-08,84418000.0,84605000.0,1168039000.0,-995341000.0,172698000.0,-124052000.0,-124052000.0,,,48646000.0,-33667000.0,-34524000.0,14979000,-7826000.0,7153000,-2475000.0,4678000,,4678000,4678000,MRC,2011-06-30
558197,USD,2011,Q3,2011-11-14,2012-10-29,84418000.0,84657000.0,1366202000.0,-1165076000.0,201126000.0,-134685000.0,-134685000.0,,,66441000.0,-35169000.0,-34348000.0,31272000,1768000.0,33040000,-11167000.0,21873000,,21873000,21873000,MRC,2011-09-30
558197,USD,2011,Q4,2012-10-09,2014-02-21,84419000.0,84945000.0,1306369000.0,-1119007000.0,187362000.0,-137469000.0,-137469000.0,,,49893000.0,-34284000.0,-34472000.0,15609000,1784000.0,17393000,-13832000.0,3561000,,3561000,3561000,MRC,2011-12-31
558197,USD,2012,Q1,2012-05-07,2013-05-03,84437000.0,84756000.0,1382632000.0,-1146071000.0,236561000.0,-146384000.0,-146384000.0,,,90177000.0,-31970000.0,-33717000.0,58207000,440000.0,58647000,-21113000.0,37534000,,37534000,37534000,MRC,2012-03-31
558197,USD,2012,Q2,2012-08-08,2013-08-02,98303000.0,98726000.0,1430379000.0,-1188699000.0,241680000.0,-151189000.0,-151189000.0,,,90491000.0,-30152000.0,-30727000.0,60339000,-12624000.0,47715000,-16390000.0,31325000,,31325000,31325000,MRC,2012-06-30
558197,USD,2012,Q3,2012-10-29,2013-11-01,101490000.0,102029000.0,1451114000.0,-1173916000.0,277198000.0,-154955000.0,-154955000.0,,,122243000.0,-26945000.0,-28177000.0,95298000,-9477000.0,85821000,-30280000.0,55541000,,55541000,55541000,MRC,2012-09-30
558197,USD,2012,Q4,2013-06-27,2015-02-20,101630000.0,102189000.0,1306733000.0,-1048429000.0,258304000.0,-154225000.0,-154225000.0,,,104079000.0,-22266000.0,-19898000.0,81813000,-92300000.0,-10487000,4045000.0,-6442000,,-6442000,-6442000,MRC,2012-12-31
558197,USD,2013,Q1,2013-05-03,2014-05-02,101609000.0,102426000.0,1305100000.0,-1058529000.0,246571000.0,-160757000.0,-160757000.0,,,85814000.0,-15186000.0,-15302000.0,70628000,567000.0,71195000,-25012000.0,46183000,,46183000,46183000,MRC,2013-03-31
558197,USD,2013,Q2,2013-08-02,2014-08-01,101693000.0,102519000.0,1267778000.0,-1023845000.0,243933000.0,-153975000.0,-153975000.0,,,89958000.0,-28723000.0,-15223000.0,61235000,1850000.0,63085000,-19233000.0,43852000,,43852000,43852000,MRC,2013-06-30
558197,USD,2013,Q3,2013-11-01,2014-11-07,101715000.0,102393000.0,1313711000.0,-1075418000.0,238293000.0,-160910000.0,-160910000.0,,,77383000.0,-15550000.0,-15463000.0,61833000,-1828000.0,60005000,-21248000.0,38757000,,38757000,38757000,MRC,2013-09-30
558197,USD,2013,Q4,2014-02-21,2016-02-24,101831000.0,102750000.0,1344203000.0,-1118241000.0,225962000.0,-167352000.0,-167352000.0,,,58610000.0,-15395000.0,-14697000.0,43215000,-589000.0,42626000,-19323000.0,23303000,,23303000,23303000,MRC,2013-12-31
558197,USD,2014,Q1,2014-05-02,2015-05-01,101924000.0,102738000.0,1305679000.0,-1073547000.0,232132000.0,-171389000.0,-171389000.0,,,60743000.0,-24021000.0,-15148000.0,36722000,0.0,36722000,-13202000.0,23520000,,23520000,23520000,MRC,2014-03-31
558197,USD,2014,Q2,2014-08-01,2015-08-04,101986000.0,102978000.0,1497295000.0,-1237873000.0,259422000.0,-185287000.0,-185287000.0,,,74135000.0,-13337000.0,-15363000.0,60798000,-697000.0,60101000,-20801000.0,39300000,,39300000,39300000,MRC,2014-06-30
558197,USD,2014,Q3,2014-11-07,2015-11-06,102035000.0,102860000.0,1618146000.0,-1340103000.0,278043000.0,-184842000.0,-184842000.0,,,93201000.0,-19602000.0,-14925000.0,73599000,2593000.0,76192000,-26058000.0,50134000,,50134000,50134000,MRC,2014-09-30
558197,USD,2014,Q4,2015-02-20,2017-02-17,102055000.0,102624000.0,1511880000.0,-1263477000.0,248403000.0,-174482000.0,-174482000.0,,,73921000.0,-19040000.0,-16564000.0,54881000,-1896000.0,52985000,-21939000.0,31046000,,31046000,31046000,MRC,2014-12-31
558197,USD,2015,Q1,2015-05-01,2016-05-03,102100000.0,102200000.0,1292000000.0,-1072000000.0,220000000.0,-159000000.0,-159000000.0,,,61000000.0,-19000000.0,-15000000.0,42000000,,42000000,-13000000.0,29000000,,29000000,29000000,MRC,2015-03-31
558197,USD,2015,Q2,2015-08-04,2016-08-03,102200000.0,102800000.0,1198000000.0,-992000000.0,206000000.0,-159000000.0,-159000000.0,,,47000000.0,-18000000.0,-13000000.0,29000000,,29000000,-13000000.0,16000000,,16000000,15000000,MRC,2015-06-30
558197,USD,2015,Q3,2015-11-06,2016-11-04,102200000.0,102500000.0,1071000000.0,-886000000.0,185000000.0,-142000000.0,-142000000.0,,,43000000.0,-7000000.0,-10000000.0,36000000,,36000000,-20000000.0,16000000,,16000000,10000000,MRC,2015-09-30
558197,USD,2015,Q4,2016-02-24,2018-02-16,101900000.0,100900000.0,968000000.0,-793000000.0,175000000.0,-146000000.0,-146000000.0,,,29000000.0,-13000000.0,-10000000.0,16000000,-465000000.0,-449000000,57000000.0,-392000000,,-392000000,-398000000,MRC,2015-12-31
558197,USD,2016,Q1,2016-05-03,2017-05-05,100700000.0,100700000.0,783000000.0,-650000000.0,133000000.0,-137000000.0,-137000000.0,,,-4000000.0,-9000000.0,-8000000.0,-13000000,,-13000000,5000000.0,-8000000,,-8000000,-14000000,MRC,2016-03-31
558197,USD,2016,Q2,2016-08-03,2017-08-04,97700000.0,97700000.0,746000000.0,-621000000.0,125000000.0,-135000000.0,-135000000.0,,,-10000000.0,-9000000.0,-9000000.0,-19000000,,-19000000,2000000.0,-17000000,,-17000000,-23000000,MRC,2016-06-30
558197,USD,2016,Q3,2016-11-04,2017-11-03,95900000.0,95900000.0,793000000.0,-705000000.0,88000000.0,-124000000.0,-124000000.0,,,-36000000.0,-6000000.0,-9000000.0,-42000000,,-42000000,2000000.0,-40000000,,-40000000,-46000000,MRC,2016-09-30
558197,USD,2016,Q4,2017-02-17,2019-02-15,94900000.0,94900000.0,719000000.0,-597000000.0,122000000.0,-128000000.0,-128000000.0,,,-6000000.0,-10000000.0,-9000000.0,-16000000,-1000000.0,-17000000,-1000000.0,-18000000,,-18000000,-24000000,MRC,2016-12-31
558197,USD,2017,Q1,2017-05-05,2018-05-03,94800000.0,94800000.0,862000000.0,-722000000.0,140000000.0,-126000000.0,-126000000.0,,,14000000.0,-7000000.0,-7000000.0,7000000,,7000000,-1000000.0,6000000,,6000000,0,MRC,2017-03-31
558197,USD,2017,Q2,2017-08-04,2018-08-02,94500000.0,95600000.0,922000000.0,-773000000.0,149000000.0,-132000000.0,-132000000.0,,,17000000.0,-8000000.0,-8000000.0,9000000,,9000000,-3000000.0,6000000,,6000000,0,MRC,2017-06-30
558197,USD,2017,Q3,2017-11-03,2018-11-01,94500000.0,94500000.0,959000000.0,-807000000.0,152000000.0,-130000000.0,-130000000.0,,,22000000.0,-9000000.0,-9000000.0,13000000,-8000000.0,5000000,-2000000.0,3000000,,3000000,-3000000,MRC,2017-09-30
558197,USD,2017,Q4,2018-02-16,2019-02-15,93400000.0,97500000.0,903000000.0,-762000000.0,141000000.0,-148000000.0,-148000000.0,,,-7000000.0,-7000000.0,-7000000.0,-14000000,0.0,-14000000,49000000.0,35000000,,35000000,29000000,MRC,2017-12-31
558197,USD,2018,Q1,2018-05-03,2018-05-03,91400000.0,92500000.0,1010000000.0,-841000000.0,169000000.0,-138000000.0,-138000000.0,,,31000000.0,-6000000.0,-8000000.0,25000000,,25000000,-7000000.0,18000000,,18000000,12000000,MRC,2018-03-31
558197,USD,2018,Q2,2018-08-02,2018-08-02,90100000.0,91600000.0,1082000000.0,-905000000.0,177000000.0,-136000000.0,-136000000.0,,,41000000.0,-10000000.0,-10000000.0,31000000,-1000000.0,30000000,-8000000.0,22000000,,22000000,16000000,MRC,2018-06-30
558197,USD,2018,Q3,2018-11-01,2018-11-01,90300000.0,91700000.0,1071000000.0,-899000000.0,172000000.0,-140000000.0,-140000000.0,,,32000000.0,-8000000.0,-10000000.0,24000000,,24000000,,24000000,,24000000,18000000,MRC,2018-09-30
558197,USD,2018,Q4,2019-02-15,2021-02-12,88600000.0,91400000.0,1009000000.0,-838000000.0,171000000.0,-148000000.0,-148000000.0,,,23000000.0,-7000000.0,-10000000.0,16000000,0.0,16000000,-6000000.0,10000000,,10000000,4000000,MRC,2018-12-31
558197,USD,2019,Q1,2019-05-03,2019-05-03,84300000.0,85300000.0,970000000.0,-796000000.0,174000000.0,-139000000.0,-139000000.0,,,35000000.0,-11000000.0,-11000000.0,24000000,,24000000,-6000000.0,18000000,,18000000,12000000,MRC,2019-03-31
558197,USD,2019,Q2,2019-08-02,2019-08-02,83200000.0,83900000.0,984000000.0,-810000000.0,174000000.0,-133000000.0,-133000000.0,,,41000000.0,-9000000.0,-10000000.0,32000000,,32000000,-8000000.0,24000000,,24000000,18000000,MRC,2019-06-30
558197,USD,2019,Q3,2019-11-01,2019-11-01,82700000.0,83400000.0,942000000.0,-768000000.0,174000000.0,-137000000.0,-137000000.0,,,37000000.0,-8000000.0,-10000000.0,29000000,,29000000,-8000000.0,21000000,,21000000,15000000,MRC,2019-09-30
558197,USD,2019,Q4,2020-02-14,2020-02-14,81800000.0,83000000.0,766000000.0,-635000000.0,131000000.0,-141000000.0,-141000000.0,,,-10000000.0,-9000000.0,-9000000.0,-19000000,,-19000000,-5000000.0,-24000000,,-24000000,-30000000,MRC,2019-12-31
558197,USD,2020,Q1,2020-04-29,2021-04-28,81700000.0,82400000.0,794000000.0,-646000000.0,148000000.0,-126000000.0,-126000000.0,,,22000000.0,-8000000.0,-8000000.0,14000000,,14000000,-5000000.0,9000000,,9000000,3000000,MRC,2020-03-31
