SimFinId,Currency,Fiscal Year,Fiscal Period,Publish Date,Restated Date,Shares (Basic),Shares (Diluted),Revenue,Cost of Revenue,Gross Profit,Operating Expenses,"Selling, General & Administrative",Research & Development,Depreciation & Amortization,Operating Income (Loss),Non-Operating Income (Loss),"Interest Expense, Net","Pretax Income (Loss), Adj.",Abnormal Gains (Losses),Pretax Income (Loss),"Income Tax (Expense) Benefit, Net",Income (Loss) from Continuing Operations,Net Extraordinary Gains (Losses),Net Income,Net Income (Common),Ticker,Report_Date
104657,USD,2010,Q2,2010-07-23,2011-07-21,120200800.0,127140800.0,1801500000.0,-1389500000.0,412000000.0,-182900000.0,-81800000.0,-93700000.0,-4600000.0,229100000.0,-11100000.0,-12500000.0,218000000,-12100000.0,205900000,-58500000.0,147400000,,146500000,146500000,ALV,2010-06-30
104657,USD,2010,Q3,2010-10-26,2011-10-26,122976800.0,128806400.0,1740900000.0,-1367100000.0,373800000.0,-171700000.0,-76000000.0,-88600000.0,-4900000.0,202100000.0,-12500000.0,-12600000.0,189600000,,189600000,-48500000.0,141100000,,140100000,140100000,ALV,2010-09-30
104657,USD,2010,Q4,2011-02-23,2013-02-22,123254400.0,131027200.0,1907400000.0,-1484600000.0,422800000.0,-180200000.0,-88300000.0,-87400000.0,-4200000.0,242600000.0,-11600000.0,-12100000.0,231000000,-200000.0,230800000,-52000000.0,178800000,,177500000,177500000,ALV,2010-12-31
104657,USD,2011,Q1,2011-04-20,2012-04-27,123670800.0,130333200.0,2108600000.0,-1642600000.0,466000000.0,-211200000.0,-90900000.0,-114500000.0,-3700000.0,254800000.0,-15000000.0,-14500000.0,239800000,,239800000,-57300000.0,182500000,,181500000,181500000,ALV,2011-03-31
104657,USD,2011,Q2,2011-07-21,2012-07-20,123809600.0,130472000.0,2061500000.0,-1639900000.0,421600000.0,-216200000.0,-95100000.0,-117500000.0,-5600000.0,205400000.0,-14100000.0,-14400000.0,191300000,-6300000.0,185000000,-39300000.0,145700000,,145000000,145000000,ALV,2011-06-30
104657,USD,2011,Q3,2011-10-26,2012-10-23,123948400.0,129778000.0,2017600000.0,-1606400000.0,411200000.0,-206300000.0,-91500000.0,-103700000.0,-4200000.0,204900000.0,-12400000.0,-14800000.0,192500000,100000.0,192600000,-53500000.0,139100000,,138400000,138400000,ALV,2011-09-30
104657,USD,2011,Q4,2012-03-07,2014-02-21,123809600.0,129639200.0,2044700000.0,-1615600000.0,429100000.0,-205000000.0,-91200000.0,-105800000.0,-5100000.0,224100000.0,-13200000.0,-13400000.0,210900000,0.0,210900000,-51200000.0,159700000,,158500000,158500000,ALV,2011-12-31
104657,USD,2012,Q1,2012-04-27,2013-04-26,124087200.0,130194400.0,2178900000.0,-1737800000.0,441100000.0,-287800000.0,-93600000.0,-126300000.0,-4600000.0,153300000.0,-12200000.0,-11700000.0,141100000,,141100000,-39700000.0,101400000,,100500000,100500000,ALV,2012-03-31
104657,USD,2012,Q2,2012-07-20,2013-07-19,129778000.0,131998800.0,2088800000.0,-1666700000.0,422100000.0,-231700000.0,-93900000.0,-126900000.0,-5100000.0,190400000.0,-8000000.0,-8500000.0,182400000,,182400000,-56200000.0,126200000,,126400000,126400000,ALV,2012-06-30
104657,USD,2012,Q3,2012-10-23,2013-10-24,132415200.0,132831600.0,1947100000.0,-1559500000.0,387600000.0,-200200000.0,-88800000.0,-96800000.0,-4800000.0,187400000.0,-12300000.0,-10000000.0,175100000,,175100000,-57100000.0,118000000,,117500000,117500000,ALV,2012-09-30
104657,USD,2012,Q4,2013-02-22,2015-02-19,132831600.0,132970400.0,2051900000.0,-1656500000.0,395400000.0,-221100000.0,-90400000.0,-105400000.0,-5700000.0,174300000.0,-4300000.0,-8100000.0,170000000,,170000000,-30000000.0,140000000,,138700000,138700000,ALV,2012-12-31
104657,USD,2013,Q1,2013-04-26,2014-04-25,132692800.0,132970400.0,2135000000.0,-1720700000.0,414300000.0,-231900000.0,-95900000.0,-129100000.0,-5200000.0,182400000.0,-12300000.0,-7000000.0,170100000,,170100000,-45000000.0,125100000,,123500000,123500000,ALV,2013-03-31
104657,USD,2013,Q2,2013-07-19,2014-07-18,132831600.0,133248000.0,2197500000.0,-1767000000.0,430500000.0,-236500000.0,-97000000.0,-130400000.0,-5000000.0,194000000.0,-1300000.0,-7600000.0,192700000,,192700000,-53300000.0,139400000,,138700000,138700000,ALV,2013-06-30
104657,USD,2013,Q3,2013-10-24,2014-10-23,132970400.0,133525600.0,2119000000.0,-1714100000.0,404900000.0,-222600000.0,-93800000.0,-120200000.0,-5100000.0,182300000.0,-5700000.0,-7200000.0,176600000,,176600000,-51700000.0,124900000,,123900000,123900000,ALV,2013-09-30
104657,USD,2013,Q4,2014-02-21,2016-02-19,131721200.0,132692800.0,2351900000.0,-1897000000.0,454900000.0,-252200000.0,-103200000.0,-109600000.0,-5100000.0,202700000.0,-8100000.0,-7200000.0,194600000,,194600000,-94100000.0,100500000,,99700000,99700000,ALV,2013-12-31
104657,USD,2014,Q1,2014-04-25,2015-04-22,130472000.0,130888400.0,2295800000.0,-1850500000.0,445300000.0,-253600000.0,-102500000.0,-142200000.0,-4100000.0,191700000.0,-7400000.0,-6800000.0,184300000,,184300000,-53200000.0,131100000,,130300000,130300000,ALV,2014-03-31
104657,USD,2014,Q2,2014-07-18,2015-07-17,129361600.0,129778000.0,2383000000.0,-1918800000.0,464200000.0,-324800000.0,-104600000.0,-134800000.0,-4200000.0,139400000.0,-16500000.0,-16500000.0,122900000,,122900000,-39700000.0,83200000,,82800000,82800000,ALV,2014-06-30
104657,USD,2014,Q3,2014-10-23,2015-10-23,127140800.0,127557200.0,2208000000.0,-1781600000.0,426400000.0,-251600000.0,-101000000.0,-135700000.0,-4100000.0,174800000.0,-18300000.0,-17800000.0,156500000,,156500000,-49800000.0,106700000,,106500000,106500000,ALV,2014-09-30
104657,USD,2014,Q4,2015-02-19,2017-02-23,124364800.0,124781200.0,2353700000.0,-1885800000.0,467900000.0,-251200000.0,-106800000.0,-122900000.0,-3600000.0,216700000.0,-13400000.0,-17500000.0,203300000,,203300000,-55300000.0,148000000,,148200000,148200000,ALV,2014-12-31
104657,USD,2015,Q1,2015-04-22,2016-04-29,122699200.0,122976800.0,2174100000.0,-1750800000.0,423300000.0,-343300000.0,-100600000.0,-126500000.0,-3700000.0,80000000.0,-15500000.0,-16700000.0,64500000,,64500000,-28800000.0,35700000,,35700000,35700000,ALV,2015-03-31
104657,USD,2015,Q2,2015-07-17,2016-07-22,122144000.0,122560400.0,2291500000.0,-1831500000.0,460000000.0,-251300000.0,-101200000.0,-140300000.0,-3300000.0,208700000.0,-14200000.0,-16300000.0,194500000,,194500000,-57700000.0,136800000,,136700000,136700000,ALV,2015-06-30
104657,USD,2015,Q3,2015-10-23,2016-10-27,122282800.0,122560400.0,2184500000.0,-1744400000.0,440100000.0,-282300000.0,-101300000.0,-130400000.0,-4200000.0,157800000.0,-6000000.0,-14800000.0,151800000,,151800000,-52700000.0,99100000,,98900000,98900000,ALV,2015-09-30
104657,USD,2015,Q4,2016-02-19,2018-02-22,122560400.0,122699200.0,2519500000.0,-1998800000.0,520700000.0,-239400000.0,-108400000.0,-126600000.0,-8400000.0,281300000.0,-16400000.0,-14600000.0,264900000,,264900000,-79000000.0,185900000,,185500000,185500000,ALV,2015-12-31
104657,USD,2016,Q1,2016-04-29,2017-04-28,122282800.0,122560400.0,2430000000.0,-1929000000.0,501000000.0,-295800000.0,-113100000.0,-158800000.0,-7900000.0,205200000.0,-14900000.0,-14300000.0,190300000,,190300000,-56800000.0,133500000,,133200000,133200000,ALV,2016-03-31
104657,USD,2016,Q2,2016-07-22,2017-07-21,122421600.0,122699200.0,2578500000.0,-2052000000.0,526500000.0,-313800000.0,-120300000.0,-176400000.0,-11900000.0,212700000.0,-12300000.0,-14700000.0,200400000,,200400000,-52000000.0,148400000,,148400000,148400000,ALV,2016-06-30
104657,USD,2016,Q3,2016-10-27,2017-10-26,122421600.0,122838000.0,2461300000.0,-1966000000.0,495300000.0,-304200000.0,-116500000.0,-165500000.0,-12200000.0,191100000.0,-6000000.0,-14600000.0,185100000,,185100000,-49600000.0,135500000,,137800000,137800000,ALV,2016-09-30
104657,USD,2016,Q4,2017-02-23,2019-02-21,122560400.0,122699200.0,451800000.0,-346600000.0,105200000.0,116800000.0,-44500000.0,143400000.0,21500000.0,222000000.0,-13600000.0,-14100000.0,208400000,,208400000,-65900000.0,142500000,1700000.0,147700000,147700000,ALV,2016-12-31
104657,USD,2017,Q1,2017-04-28,2018-04-27,122560400.0,122838000.0,2608100000.0,-2065600000.0,542500000.0,-324900000.0,-120300000.0,-192700000.0,-21800000.0,217600000.0,-23200000.0,-14200000.0,194400000,,194400000,-52300000.0,142100000,,143900000,143900000,ALV,2017-03-31
104657,USD,2017,Q2,2017-07-21,2018-07-27,87900000.0,88100000.0,1983900000.0,-1568600000.0,415300000.0,-195500000.0,-105000000.0,-95700000.0,-2900000.0,219800000.0,-18600000.0,-13200000.0,201200000,,201200000,-65100000.0,136100000,-7800000.0,129800000,129800000,ALV,2017-06-30
104657,USD,2017,Q3,2017-10-26,2018-10-26,120617200.0,121033600.0,1952600000.0,-1557700000.0,394900000.0,-227700000.0,-96800000.0,-93100000.0,-2700000.0,167200000.0,-16500000.0,-13600000.0,150700000,,150700000,-44500000.0,106200000,-18000000.0,90800000,90800000,ALV,2017-09-30
104657,USD,2017,Q4,2018-02-22,2019-02-21,154722400.0,154938800.0,1592200000.0,-1265200000.0,327000000.0,-72000000.0,-84500000.0,10900000.0,16200000.0,255000000.0,-8900000.0,-12700000.0,246100000,,246100000,-42500000.0,203600000,-259200000.0,62600000,62600000,ALV,2017-12-31
104657,USD,2018,Q1,2018-04-27,2018-04-27,120756000.0,121172400.0,2812800000.0,-2233600000.0,579200000.0,-353800000.0,-126800000.0,-213700000.0,-8100000.0,225400000.0,-28500000.0,-12000000.0,196900000,,196900000,-74500000.0,122400000,,126700000,126700000,ALV,2018-03-31
104657,USD,2018,Q2,2018-07-27,2018-07-27,87100000.0,87400000.0,2211500000.0,-1771800000.0,439700000.0,-210600000.0,-99800000.0,-117500000.0,-2900000.0,229100000.0,-19000000.0,-12600000.0,210100000,,210100000,-16900000.0,193200000,-159100000.0,37200000,37200000,ALV,2018-06-30
104657,USD,2018,Q3,2018-10-26,2018-10-26,87100000.0,87400000.0,2033000000.0,-1646900000.0,386100000.0,-193600000.0,-90000000.0,-101900000.0,-2800000.0,192500000.0,-21200000.0,-17600000.0,171300000,,171300000,-53300000.0,118000000,,117500000,117500000,ALV,2018-09-30
104657,USD,2018,Q4,2019-02-21,2019-02-21,53444000.0,53227600.0,1620900000.0,-1314600000.0,306300000.0,-56200000.0,-73700000.0,20500000.0,2500000.0,250100000.0,-215999999.0,-16999999.0,34100001,,34100001,-90200000.0,-56099999,-34700000.0,-90999999,-90999999,ALV,2018-12-31
104657,USD,2019,Q1,2019-04-26,2019-04-26,87200000.0,87400000.0,2174000000.0,-1795200000.0,378800000.0,-205600000.0,-101400000.0,-107400000.0,-2800000.0,173200000.0,-19600000.0,-17000000.0,153600000,,153600000,-42100000.0,111500000,,111400000,111400000,ALV,2019-03-31
104657,USD,2019,Q2,2019-07-19,2019-07-19,87200000.0,87300000.0,2154700000.0,-1755000000.0,399700000.0,-230200000.0,-101100000.0,-117000000.0,-2900000.0,169500000.0,-18700000.0,-16500000.0,150800000,,150800000,-41400000.0,109400000,,109100000,109100000,ALV,2019-06-30
104657,USD,2019,Q3,2019-10-25,2020-10-23,87200000.0,87300000.0,2027700000.0,-1648600000.0,379100000.0,-225300000.0,-97700000.0,-99100000.0,-2900000.0,153800000.0,-19400000.0,-16400000.0,134400000,,134400000,-48400000.0,86000000,,85400000,85400000,ALV,2019-09-30
104657,USD,2019,Q4,2020-02-21,2020-10-23,87200000.0,87600000.0,2191200000.0,-1764400000.0,426800000.0,-154800000.0,-98700000.0,-82000000.0,-2900000.0,272000000.0,-62400000.0,-16000000.0,209600000,,209600000,-53700000.0,155900000,,155600000,155600000,ALV,2019-12-31
104657,USD,2020,Q1,2020-04-24,2021-04-23,87300000.0,87400000.0,1846000000.0,-1515000000.0,331000000.0,-199000000.0,-93000000.0,-103000000.0,-3000000.0,132000000.0,-21000000.0,-15000000.0,111000000,,111000000,-36000000.0,75000000,,75000000,75000000,ALV,2020-03-31
