SimFinId,Currency,Fiscal Year,Fiscal Period,Publish Date,Restated Date,Shares (Basic),Shares (Diluted),Revenue,Cost of Revenue,Gross Profit,Operating Expenses,"Selling, General & Administrative",Research & Development,Depreciation & Amortization,Operating Income (Loss),Non-Operating Income (Loss),"Interest Expense, Net","Pretax Income (Loss), Adj.",Abnormal Gains (Losses),Pretax Income (Loss),"Income Tax (Expense) Benefit, Net",Income (Loss) from Continuing Operations,Net Extraordinary Gains (Losses),Net Income,Net Income (Common),Ticker,Report_Date
905324,USD,2011,Q2,2011-08-04,2012-08-07,10344903.0,10442085.0,88532000.0,-54901000.0,33631000.0,-24831000.0,-18925000.0,-5906000.0,,8800000.0,-4863000.0,-1187000.0,3937000,,3937000,-1085000.0,2852000,,2896000,2558000,IO,2011-06-30
905324,USD,2011,Q3,2011-11-03,2012-11-09,10349572.0,10820541.0,115654000.0,-71596000.0,44058000.0,-25562000.0,-19237000.0,-6325000.0,,18496000.0,-5994000.0,-1382000.0,12502000,,12502000,-3484000.0,9018000,,9052000,8714000,IO,2011-09-30
905324,USD,2011,Q4,2012-03-26,2014-02-24,10359577.0,10006668.0,159883000.0,-95266000.0,64617000.0,-31189000.0,-24690000.0,-6499000.0,,33428000.0,-15762000.0,-1600000.0,17666000,,17666000,-5420000.0,12246000,,12351000,12013000,IO,2011-12-31
905324,USD,2012,Q1,2012-05-03,2013-11-15,10374718.0,10441685.0,111710000.0,-70554000.0,41156000.0,-29513000.0,-21787000.0,-7726000.0,,11643000.0,264000.0,-1518000.0,11907000,,11907000,-3445000.0,8462000,,8575000,8237000,IO,2012-03-31
905324,USD,2012,Q2,2012-08-07,2013-11-15,10380588.0,10843753.0,105214000.0,-59271000.0,45943000.0,-32971000.0,-22665000.0,-10306000.0,,12972000.0,3308000.0,-1364000.0,16280000,,16280000,-4184000.0,12096000,,12377000,12039000,IO,2012-06-30
905324,USD,2012,Q3,2012-11-09,2013-11-15,10399731.0,10862228.0,136323000.0,-80365000.0,55958000.0,-30909000.0,-23405000.0,-7504000.0,,25049000.0,-3857000.0,-1237000.0,21192000,,21192000,-6037000.0,15155000,,15197000,14859000,IO,2012-09-30
905324,USD,2012,Q4,2013-04-17,2015-02-17,10412670.0,11278036.0,173070000.0,-100326000.0,72744000.0,-47881000.0,-39337000.0,-8544000.0,,24863000.0,12441000.0,-1146000.0,37304000,0.0,37304000,-10191000.0,27113000,,27166000,26828000,IO,2012-12-31
905324,USD,2013,Q1,2013-05-16,2014-05-01,10436216.0,10492911.0,129737000.0,-94780000.0,34957000.0,-33034000.0,-23744000.0,-9290000.0,,1923000.0,1077000.0,-1066000.0,3000000,,3000000,-1201000.0,1799000,,1875000,1537000,IO,2013-03-31
905324,USD,2013,Q2,2013-08-15,2014-08-07,10465897.0,10465897.0,120915000.0,-84297000.0,36618000.0,-29848000.0,-20761000.0,-9087000.0,,6770000.0,-116212000.0,-2756000.0,-109442000,,-109442000,38705000.0,-70737000,,-70796000,-71134000,IO,2013-06-30
905324,USD,2013,Q3,2013-11-15,2014-11-06,10481438.0,10481438.0,79838000.0,-94942000.0,-15104000.0,-41424000.0,-31136000.0,-10288000.0,,-56528000.0,-83774000.0,-4281000.0,-140302000,,-140302000,-56954000.0,-197256000,,-196758000,-202096000,IO,2013-09-30
905324,USD,2013,Q4,2014-03-28,2016-02-11,10884449.0,10827754.0,218677000.0,-115835000.0,102842000.0,-38611000.0,-29534000.0,-9077000.0,,64231000.0,-38285000.0,-4241000.0,25946000,0.0,25946000,-6270000.0,19676000,,19819000,19819000,IO,2013-12-31
905324,USD,2014,Q1,2014-05-01,2015-05-07,10928595.0,10942869.0,144698000.0,-87844000.0,56854000.0,-37183000.0,-28144000.0,-9039000.0,,19671000.0,62041000.0,-4797000.0,81712000,,81712000,-5263000.0,76449000,,75979000,75979000,IO,2014-03-31
905324,USD,2014,Q2,2014-08-07,2015-08-06,10943002.0,10967014.0,121480000.0,-83252000.0,38228000.0,-34443000.0,-24138000.0,-10305000.0,,3785000.0,-649000.0,-4934000.0,3136000,,3136000,-653000.0,2483000,,1188000,1188000,IO,2014-06-30
905324,USD,2014,Q3,2014-11-06,2015-11-05,10948738.0,10948738.0,106540000.0,-77317000.0,29223000.0,-34572000.0,-23662000.0,-10910000.0,,-5349000.0,-11228000.0,-5048000.0,-16577000,,-16577000,-8345000.0,-24922000,,-24541000,-24541000,IO,2014-09-30
905324,USD,2014,Q4,2015-04-24,2017-02-09,10935665.0,10897379.0,136840000.0,-198922000.0,-62082000.0,-50670000.0,-39915000.0,-10755000.0,,-112752000.0,-39171000.0,-4603000.0,-151923000,-23284000.0,-175207000,-6321000.0,-181528000,,-180878000,-180878000,IO,2014-12-31
905324,USD,2015,Q1,2015-05-07,2016-05-05,10971000.0,10971000.0,40578000.0,-56366000.0,-15788000.0,-30901000.0,-23181000.0,-7720000.0,,-46689000.0,-7844000.0,-4625000.0,-54533000,,-54533000,-983000.0,-55516000,,-55264000,-55264000,IO,2015-03-31
905324,USD,2015,Q2,2015-08-06,2016-08-04,10979000.0,10980000.0,36795000.0,-46930000.0,-10135000.0,-30554000.0,-23315000.0,-7239000.0,,-40689000.0,96993000.0,-4607000.0,56304000,,56304000,-532000.0,55772000,,56069000,56069000,IO,2015-06-30
905324,USD,2015,Q3,2015-11-05,2016-11-03,10984000.0,10984000.0,66674000.0,-55566000.0,11108000.0,-23982000.0,-17445000.0,-6537000.0,,-12874000.0,-5200000.0,-4854000.0,-18074000,,-18074000,-2082000.0,-20156000,,-20383000,-20383000,IO,2015-09-30
905324,USD,2015,Q4,2016-06-27,2018-02-08,10894000.0,10893000.0,77466000.0,-54648000.0,22818000.0,-23198000.0,-18249000.0,-4949000.0,,-380000.0,-4427000.0,-4667000.0,-4807000,,-4807000,-447000.0,-5254000,,-5544000,-5544000,IO,2015-12-31
905324,USD,2016,Q1,2016-05-05,2017-05-04,10600000.0,10600000.0,22665000.0,-31595000.0,-8930000.0,-21199000.0,-15590000.0,-5609000.0,,-30129000.0,-4614000.0,-4734000.0,-34743000,,-34743000,-293000.0,-35036000,,-35014000,-35014000,IO,2016-03-31
905324,USD,2016,Q2,2016-08-04,2017-08-03,11415000.0,11415000.0,36152000.0,-31299000.0,4853000.0,-21441000.0,-16680000.0,-4761000.0,,-16588000.0,-6419000.0,-4702000.0,-23007000,,-23007000,-2256000.0,-25263000,,-25342000,-25342000,IO,2016-06-30
905324,USD,2016,Q3,2016-11-03,2017-11-02,11786000.0,11907000.0,78622000.0,-46857000.0,31765000.0,-19901000.0,-15670000.0,-4231000.0,,11864000.0,-6634000.0,-4607000.0,5230000,,5230000,-3316000.0,1914000,,1699000,1699000,IO,2016-09-30
905324,USD,2016,Q4,2017-02-09,2019-02-07,11799000.0,11678000.0,35369000.0,-27025000.0,8344000.0,-16662000.0,-13430000.0,-3232000.0,,-8318000.0,532000.0,-4442000.0,-7786000,0.0,-7786000,1444000.0,-6342000,,-6491000,-6491000,IO,2016-12-31
905324,USD,2017,Q1,2017-05-04,2018-05-03,11818000.0,11818000.0,32556000.0,-26455000.0,6101000.0,-20013000.0,-16518000.0,-3495000.0,,-13912000.0,-9532000.0,-4464000.0,-23444000,,-23444000,418000.0,-23026000,,-23342000,-23342000,IO,2017-03-31
905324,USD,2017,Q2,2017-08-03,2018-08-02,11875000.0,11875000.0,46001000.0,-30383000.0,15618000.0,-19190000.0,-15083000.0,-4107000.0,,-3572000.0,-4049000.0,-4241000.0,-7621000,,-7621000,-2402000.0,-10023000,,-10441000,-10441000,IO,2017-06-30
905324,USD,2017,Q3,2017-11-02,2018-11-02,11890000.0,12071000.0,61095000.0,-30986000.0,30109000.0,-20173000.0,-15777000.0,-4396000.0,,9936000.0,-3237000.0,-3959000.0,6699000,,6699000,-1686000.0,5013000,,4935000,4935000,IO,2017-09-30
905324,USD,2017,Q4,2018-02-12,2019-02-07,11921000.0,11740000.0,57902000.0,-34091000.0,23811000.0,-24962000.0,-20529000.0,-4433000.0,,-1151000.0,-3836000.0,-4045000.0,-4987000,0.0,-4987000,3646000.0,-1341000,,-1394000,-1394000,IO,2017-12-31
905324,USD,2018,Q1,2018-05-03,2019-05-02,12813000.0,12813000.0,33508000.0,-26655000.0,6853000.0,-19493000.0,-15238000.0,-4255000.0,,-12640000.0,-4627000.0,-3836000.0,-17267000,,-17267000,-1072000.0,-18339000,,-18426000,-18426000,IO,2018-03-31
905324,USD,2018,Q2,2018-08-02,2018-08-02,13928000.0,13928000.0,24743000.0,-26260000.0,-1517000.0,-21002000.0,-16743000.0,-4259000.0,,-22519000.0,-2827000.0,-2911000.0,-25346000,,-25346000,-154000.0,-25500000,,-25866000,-25866000,IO,2018-06-30
905324,USD,2018,Q3,2018-11-02,2018-11-02,14003000.0,14003000.0,47200000.0,-30725000.0,16475000.0,-18927000.0,-13897000.0,-5030000.0,,-2452000.0,-2931000.0,-3022000.0,-5383000,,-5383000,-2079000.0,-7462000,,-7536000,-7536000,IO,2018-09-30
905324,USD,2018,Q4,2019-02-07,2021-02-12,14024000.0,14024000.0,74594000.0,-36785000.0,37809000.0,-17917000.0,-13279000.0,-4638000.0,,19892000.0,-3023000.0,-3203000.0,16869000,-36553000.0,-19684000,587000.0,-19097000,,-19343000,-19343000,IO,2018-12-31
905324,USD,2019,Q1,2019-05-02,2019-05-02,14033000.0,14033000.0,36956000.0,-27044000.0,9912000.0,-25849000.0,-20492000.0,-5357000.0,,-15937000.0,-3904000.0,-3112000.0,-19841000,,-19841000,-1407000.0,-21248000,,-21360000,-21360000,IO,2019-03-31
905324,USD,2019,Q2,2019-08-01,2019-08-01,14098000.0,14098000.0,41775000.0,-22192000.0,19583000.0,-22136000.0,-16950000.0,-5186000.0,,-2553000.0,-3015000.0,-3111000.0,-5568000,,-5568000,-2719000.0,-8287000,,-8622000,-8622000,IO,2019-06-30
905324,USD,2019,Q3,2019-10-31,2019-10-31,14181000.0,14181000.0,53239000.0,-27951000.0,25288000.0,-21430000.0,-16552000.0,-4878000.0,,3858000.0,-3397000.0,-3155000.0,461000,,461000,-3790000.0,-3329000,,-3723000,-3723000,IO,2019-09-30
905324,USD,2019,Q4,2020-02-06,2020-02-06,14212000.0,14212000.0,42709000.0,-37470000.0,5239000.0,-15066000.0,-11462000.0,-3604000.0,,-9827000.0,-4375000.0,-3696000.0,-14202000,,-14202000,-148000.0,-14350000,,-14494000,-14494000,IO,2019-12-31
905324,USD,2020,Q1,2020-05-07,2021-05-06,14230000.0,14230000.0,56414000.0,-28070000.0,28344000.0,-17868000.0,-13860000.0,-4008000.0,,10476000.0,-2792000.0,-3221000.0,7684000,-4150000.0,3534000,-5874000.0,-2340000,,-2263000,-2263000,IO,2020-03-31
