SimFinId,Currency,Fiscal Year,Fiscal Period,Publish Date,Restated Date,Shares (Basic),Shares (Diluted),Revenue,Cost of Revenue,Gross Profit,Operating Expenses,"Selling, General & Administrative",Research & Development,Depreciation & Amortization,Operating Income (Loss),Non-Operating Income (Loss),"Interest Expense, Net","Pretax Income (Loss), Adj.",Abnormal Gains (Losses),Pretax Income (Loss),"Income Tax (Expense) Benefit, Net",Income (Loss) from Continuing Operations,Net Extraordinary Gains (Losses),Net Income,Net Income (Common),Ticker,Report_Date
638114,USD,2010,Q2,2010-08-06,2011-08-03,109532000.0,110053000.0,464303000.0,-340800000.0,123503000.0,-38129000.0,-38129000.0,,,85374000.0,-1810000.0,-3767000.0,83564000,,83564000,-29247000.0,54317000,,54317000,54317000,OII,2010-06-30
638114,USD,2010,Q3,2010-11-05,2011-11-02,109119000.0,109535000.0,516274000.0,-390655000.0,125619000.0,-37564000.0,-37564000.0,,,88055000.0,428000.0,6000.0,88483000,,88483000,-29306000.0,59177000,,59177000,59177000,OII,2010-09-30
638114,USD,2010,Q4,2011-02-25,2013-02-22,109119000.0,109535000.0,501298000.0,-383805000.0,117493000.0,-43751000.0,-43751000.0,,,73742000.0,-941000.0,-131000.0,72801000,,72801000,-25007000.0,47794000,,47794000,47794000,OII,2010-12-31
638114,USD,2011,Q1,2011-05-05,2012-05-03,108356000.0,109002000.0,470420000.0,-371619000.0,98801000.0,-37734000.0,-37734000.0,,,61067000.0,349000.0,20000.0,61416000,,61416000,-19346000.0,42070000,,42070000,42070000,OII,2011-03-31
638114,USD,2011,Q2,2011-08-03,2012-08-01,108533000.0,109147000.0,545838000.0,-419722000.0,126116000.0,-44442000.0,-44442000.0,,,81674000.0,1090000.0,-123000.0,82764000,,82764000,-26071000.0,56693000,,56693000,56693000,OII,2011-06-30
638114,USD,2011,Q3,2011-11-02,2012-11-01,108310000.0,108928000.0,602208000.0,-449112000.0,153096000.0,-43474000.0,-43474000.0,,,109622000.0,-1114000.0,-183000.0,108508000,,108508000,-29930000.0,78578000,,78578000,78578000,OII,2011-09-30
638114,USD,2011,Q4,2012-02-24,2014-02-20,108033000.0,108927000.0,574197000.0,-443451000.0,130746000.0,-48278000.0,-48278000.0,,,82468000.0,2729000.0,78000.0,85197000,,85197000,-26880000.0,58317000,,58317000,58317000,OII,2011-12-31
638114,USD,2012,Q1,2012-05-03,2013-05-02,108155000.0,108761000.0,594893000.0,-471590000.0,123303000.0,-47316000.0,-47316000.0,,,75987000.0,-870000.0,-201000.0,75117000,,75117000,-23662000.0,51455000,,51455000,51455000,OII,2012-03-31
638114,USD,2012,Q2,2012-08-01,2013-07-31,108097000.0,108663000.0,672545000.0,-511387000.0,161158000.0,-51111000.0,-51111000.0,,,110047000.0,-4129000.0,-1062000.0,105918000,,105918000,-33364000.0,72554000,,72554000,72554000,OII,2012-06-30
638114,USD,2012,Q3,2012-11-01,2013-10-31,107905000.0,108500000.0,734217000.0,-563348000.0,170869000.0,-47056000.0,-47056000.0,,,123813000.0,-593000.0,-458000.0,123220000,,123220000,-38814000.0,84406000,,84406000,84406000,OII,2012-09-30
638114,USD,2012,Q4,2013-02-22,2015-02-19,107903000.0,108544000.0,780949000.0,-608421000.0,172528000.0,-53778000.0,-53778000.0,,,118750000.0,-1083000.0,-562000.0,117667000,,117667000,-37065000.0,80602000,,80602000,80602000,OII,2012-12-31
638114,USD,2013,Q1,2013-05-02,2014-04-30,108037000.0,108612000.0,718552000.0,-558177000.0,160375000.0,-52085000.0,-52085000.0,,,108290000.0,978000.0,-573000.0,109268000,,109268000,-34419000.0,74849000,,74849000,74849000,OII,2013-03-31
638114,USD,2013,Q2,2013-07-31,2014-07-31,108197000.0,108713000.0,820372000.0,-618508000.0,201864000.0,-55527000.0,-55527000.0,,,146337000.0,-2087000.0,-310000.0,144250000,,144250000,-45439000.0,98811000,,98811000,98811000,OII,2013-06-30
638114,USD,2013,Q3,2013-10-31,2014-11-04,108197000.0,108783000.0,853297000.0,-647805000.0,205492000.0,-51756000.0,-51756000.0,,,153736000.0,-1317000.0,-812000.0,152419000,,152419000,-48012000.0,104407000,,104407000,104407000,OII,2013-09-30
638114,USD,2013,Q4,2014-02-20,2016-02-19,108201000.0,108816000.0,894798000.0,-696993000.0,197805000.0,-61052000.0,-61052000.0,,,136753000.0,-354000.0,55000.0,136399000,,136399000,-42966000.0,93433000,,93433000,93433000,OII,2013-12-31
638114,USD,2014,Q1,2014-04-30,2015-04-29,108170000.0,108724000.0,840201000.0,-650710000.0,189491000.0,-56629000.0,-56629000.0,,,132862000.0,-74000.0,-332000.0,132788000,,132788000,-41563000.0,91225000,,91225000,91225000,OII,2014-03-31
638114,USD,2014,Q2,2014-07-31,2015-07-30,108002000.0,108421000.0,927407000.0,-709192000.0,218215000.0,-56904000.0,-56904000.0,,,161311000.0,-766000.0,-357000.0,160545000,,160545000,-50250000.0,110295000,,110295000,110295000,OII,2014-06-30
638114,USD,2014,Q3,2014-11-04,2015-11-04,106923000.0,107407000.0,973089000.0,-731234000.0,241855000.0,-59937000.0,-59937000.0,,,181918000.0,-930000.0,-547000.0,180988000,,180988000,-56650000.0,124338000,,124338000,124338000,OII,2014-09-30
638114,USD,2014,Q4,2015-02-19,2017-02-24,103277000.0,103812000.0,918927000.0,-709287000.0,209640000.0,-57401000.0,-57401000.0,,,152239000.0,-3083000.0,-3179000.0,149156000,,149156000,-46685000.0,102471000,,102471000,102471000,OII,2014-12-31
638114,USD,2015,Q1,2015-04-29,2016-04-29,99473000.0,99912000.0,786772000.0,-623323000.0,163449000.0,-56799000.0,-56799000.0,,,106650000.0,-5487000.0,-5932000.0,101163000,,101163000,-31664000.0,69499000,,69499000,69499000,OII,2015-03-31
638114,USD,2015,Q2,2015-07-30,2016-07-27,98528000.0,98893000.0,810303000.0,-642758000.0,167545000.0,-59605000.0,-59605000.0,,,107940000.0,-12644000.0,-6161000.0,95296000,,95296000,-29828000.0,65468000,,65468000,65468000,OII,2015-06-30
638114,USD,2015,Q3,2015-11-04,2016-11-07,97845000.0,98185000.0,743613000.0,-575300000.0,168313000.0,-54849000.0,-54849000.0,,,113464000.0,-13699000.0,-6167000.0,99765000,,99765000,-31226000.0,68539000,,68539000,68539000,OII,2015-09-30
638114,USD,2015,Q4,2016-02-19,2018-03-01,97822000.0,98242000.0,722066000.0,-615944000.0,106122000.0,-60366000.0,-60366000.0,,,45756000.0,-5719000.0,-6183000.0,40037000,,40037000,-12532000.0,27505000,,27505000,27505000,OII,2015-12-31
638114,USD,2016,Q1,2016-04-29,2017-05-03,97952000.0,98286000.0,608344000.0,-510864000.0,97480000.0,-49381000.0,-49381000.0,,,48099000.0,-11559000.0,-6097000.0,36540000,,36540000,-11437000.0,25103000,,25103000,25103000,OII,2016-03-31
638114,USD,2016,Q2,2016-07-27,2017-08-03,98060000.0,98424000.0,625539000.0,-530306000.0,95233000.0,-56853000.0,-56853000.0,,,38380000.0,-5907000.0,-4765000.0,32473000,,32473000,-10164000.0,22309000,,22309000,22309000,OII,2016-06-30
638114,USD,2016,Q3,2016-11-07,2017-11-02,98061000.0,98061000.0,549275000.0,-513832000.0,35443000.0,-47299000.0,-47299000.0,,,-11856000.0,-5317000.0,-5641000.0,-17173000,,-17173000,5375000.0,-11798000,,-11798000,-11798000,OII,2016-09-30
638114,USD,2016,Q4,2017-02-24,2019-02-28,98067000.0,98925000.0,488445000.0,-437374000.0,51071000.0,-54930000.0,-54930000.0,,,-3859000.0,-4635000.0,-4915000.0,-8494000,0.0,-8494000,-2534000.0,-11028000,,-11028000,-11028000,OII,2016-12-31
638114,USD,2017,Q1,2017-05-03,2018-05-03,98138000.0,98138000.0,446176000.0,-401321000.0,44855000.0,-45005000.0,-45005000.0,,,-150000.0,-8467000.0,-4931000.0,-8617000,,-8617000,1083000.0,-7534000,,-7534000,-7534000,OII,2017-03-31
638114,USD,2017,Q2,2017-08-03,2018-08-01,98263000.0,98751000.0,515036000.0,-461465000.0,53571000.0,-44181000.0,-44181000.0,,,9390000.0,-6006000.0,-5554000.0,3384000,,3384000,-1252000.0,2132000,,2132000,2132000,OII,2017-06-30
638114,USD,2017,Q3,2017-11-02,2018-11-01,98270000.0,98270000.0,476120000.0,-421235000.0,54885000.0,-44354000.0,-44354000.0,,,10531000.0,-8364000.0,-6653000.0,2167000,,2167000,-3935000.0,-1768000,,-1768000,-1768000,OII,2017-09-30
638114,USD,2017,Q4,2018-03-01,2019-02-28,98281000.0,99897000.0,484175000.0,-442876000.0,41299000.0,-50414000.0,-50414000.0,,,-9115000.0,-5663000.0,-3324000.0,-14778000,0.0,-14778000,188346000.0,173568000,,173568000,173568000,OII,2017-12-31
638114,USD,2018,Q1,2018-05-03,2019-05-01,98383000.0,98383000.0,416413000.0,-397585000.0,18828000.0,-45977000.0,-45977000.0,,,-27149000.0,-16096000.0,-6779000.0,-43245000,,-43245000,-5888000.0,-49133000,,-49133000,-49133000,OII,2018-03-31
638114,USD,2018,Q2,2018-08-01,2018-08-01,98531000.0,98531000.0,478674000.0,-448946000.0,29728000.0,-49365000.0,-49365000.0,,,-19637000.0,-10145000.0,-5852000.0,-29782000,,-29782000,-3294000.0,-33076000,,-33076000,-33076000,OII,2018-06-30
638114,USD,2018,Q3,2018-11-01,2018-11-01,98533000.0,98533000.0,519300000.0,-471665000.0,47635000.0,-49187000.0,-49187000.0,,,-1552000.0,-3292000.0,-7240000.0,-4844000,,-4844000,-61135000.0,-65979000,,-65979000,-65979000,OII,2018-09-30
638114,USD,2018,Q4,2019-02-28,2021-02-26,98537000.0,98537000.0,495095000.0,-462060000.0,33035000.0,-53730000.0,-53730000.0,,,-20695000.0,-10818000.0,-7909000.0,-31513000,-76449000.0,-107962000,43823000.0,-64139000,,-64139000,-64139000,OII,2018-12-31
638114,USD,2019,Q1,2019-05-01,2019-05-01,98714000.0,98714000.0,493886000.0,-466299000.0,27587000.0,-49301000.0,-49301000.0,,,-21714000.0,-6265000.0,-6820000.0,-27979000,,-27979000,3152000.0,-24827000,,-24827000,-24827000,OII,2019-03-31
638114,USD,2019,Q2,2019-07-30,2019-07-30,98929000.0,98929000.0,495781000.0,-453798000.0,41983000.0,-51618000.0,-51618000.0,,,-9635000.0,-8344000.0,-8351000.0,-17979000,,-17979000,-17203000.0,-35182000,,-35182000,-35182000,OII,2019-06-30
638114,USD,2019,Q3,2019-11-04,2019-11-04,98930000.0,98930000.0,497647000.0,-448586000.0,49061000.0,-54255000.0,-54255000.0,,,-5194000.0,-12399000.0,-9293000.0,-17593000,,-17593000,-7930000.0,-25523000,,-25523000,-25523000,OII,2019-09-30
638114,USD,2019,Q4,2020-02-27,2020-02-27,98931000.0,98931000.0,560810000.0,-581197000.0,-20387000.0,-59717000.0,-59717000.0,,,-80104000.0,-13100000.0,-10354000.0,-93204000,-174066000.0,-267270000,4358000.0,-262912000,,-262912000,-262912000,OII,2019-12-31
638114,USD,2020,Q1,2020-05-27,2021-04-30,99055000.0,99055000.0,536668000.0,-489916000.0,46752000.0,-55741000.0,-55741000.0,,,-8989000.0,-17116000.0,-11185000.0,-26105000,-371768000.0,-397873000,30275000.0,-367598000,,-367598000,-367598000,OII,2020-03-31
