SimFinId,Currency,Fiscal Year,Fiscal Period,Publish Date,Restated Date,Shares (Basic),Shares (Diluted),Revenue,Cost of Revenue,Gross Profit,Operating Expenses,"Selling, General & Administrative",Research & Development,Depreciation & Amortization,Operating Income (Loss),Non-Operating Income (Loss),"Interest Expense, Net","Pretax Income (Loss), Adj.",Abnormal Gains (Losses),Pretax Income (Loss),"Income Tax (Expense) Benefit, Net",Income (Loss) from Continuing Operations,Net Extraordinary Gains (Losses),Net Income,Net Income (Common),Ticker,Report_Date
113753,USD,2010,Q2,2010-08-09,2011-08-05,39819000.0,40023000.0,142000000.0,-79549000.0,62451000.0,-16077000.0,-16077000.0,,,46374000.0,58000.0,58000.0,46432000,-7051000.0,39381000,-11383000.0,27998000,,27998000,27998000,DRQ,2010-06-30
113753,USD,2010,Q3,2010-11-04,2011-11-04,39830000.0,40035000.0,140123000.0,-79421000.0,60702000.0,-15601000.0,-15601000.0,,,45101000.0,90000.0,90000.0,45191000,-7387000.0,37804000,-10147000.0,27657000,,27657000,27657000,DRQ,2010-09-30
113753,USD,2010,Q4,2011-02-28,2013-02-28,39935000.0,40210000.0,141595000.0,-81822000.0,59773000.0,-24717000.0,-15958000.0,,,35056000.0,8000.0,8000.0,35064000,-7978000.0,27086000,-6212000.0,20874000,,20874000,20874000,DRQ,2010-12-31
113753,USD,2011,Q1,2011-05-09,2012-05-07,40049000.0,40320000.0,137667000.0,-80113000.0,57554000.0,-18261000.0,-18261000.0,,,39293000.0,88000.0,88000.0,39381000,-8698000.0,30683000,-9011000.0,21672000,,21672000,21672000,DRQ,2011-03-31
113753,USD,2011,Q2,2011-08-05,2012-08-06,40058000.0,40312000.0,136994000.0,-82000000.0,54994000.0,-16037000.0,-16037000.0,,,38957000.0,75000.0,75000.0,39032000,-8529000.0,30503000,-8295000.0,22208000,,22208000,22208000,DRQ,2011-06-30
113753,USD,2011,Q3,2011-11-04,2012-11-09,40059000.0,40296000.0,155035000.0,-96487000.0,58548000.0,-18274000.0,-18274000.0,,,40274000.0,69000.0,69000.0,40343000,-8498000.0,31845000,-8582000.0,23263000,,23263000,23263000,DRQ,2011-09-30
113753,USD,2011,Q4,2012-02-27,2014-02-28,40118000.0,40360000.0,171646000.0,-103248000.0,68398000.0,-22657000.0,-17938000.0,,,45741000.0,133000.0,133000.0,45874000,-8901000.0,36973000,-8849000.0,28124000,,28124000,28124000,DRQ,2011-12-31
113753,USD,2012,Q1,2012-05-07,2013-05-03,40184000.0,40411000.0,177124000.0,-107050000.0,70074000.0,-20432000.0,-20432000.0,,,49642000.0,98000.0,98000.0,49740000,-9610000.0,40130000,-11333000.0,28797000,,28797000,28797000,DRQ,2012-03-31
113753,USD,2012,Q2,2012-08-06,2013-08-02,40268000.0,40453000.0,176570000.0,-108325000.0,68245000.0,-17418000.0,-17418000.0,,,50827000.0,69000.0,69000.0,50896000,-9478000.0,41418000,-11615000.0,29803000,,29803000,29803000,DRQ,2012-06-30
113753,USD,2012,Q3,2012-11-09,2013-11-01,40423000.0,40589000.0,190860000.0,-121821000.0,69039000.0,-20764000.0,-20764000.0,,,48275000.0,141000.0,141000.0,48416000,-9552000.0,38864000,-9207000.0,29657000,,29657000,29657000,DRQ,2012-09-30
113753,USD,2012,Q4,2013-02-28,2015-02-27,40453000.0,40639000.0,188477000.0,-114470000.0,74007000.0,-23604000.0,-23604000.0,,,50403000.0,122000.0,122000.0,50525000,-8815000.0,41710000,-10758000.0,30952000,,30952000,30952000,DRQ,2012-12-31
113753,USD,2013,Q1,2013-05-03,2014-05-09,40529000.0,40713000.0,193155000.0,-116328000.0,76827000.0,-15629000.0,-15629000.0,,,61198000.0,102000.0,102000.0,61300000,-9021000.0,52279000,-12437000.0,39842000,,39842000,39842000,DRQ,2013-03-31
113753,USD,2013,Q2,2013-08-02,2014-07-30,40636000.0,40821000.0,222031000.0,-133203000.0,88828000.0,-23273000.0,-23273000.0,,,65555000.0,161000.0,161000.0,65716000,-9340000.0,56376000,-13449000.0,42927000,,42927000,42927000,DRQ,2013-06-30
113753,USD,2013,Q3,2013-11-01,2014-10-31,40683000.0,40911000.0,224724000.0,-132131000.0,92593000.0,-29830000.0,-29830000.0,,,62763000.0,199000.0,199000.0,62962000,-10778000.0,52184000,-12189000.0,39995000,,39995000,39995000,DRQ,2013-09-30
113753,USD,2013,Q4,2014-02-28,2016-02-25,40744000.0,41015000.0,232462000.0,-132244000.0,100218000.0,-26074000.0,-26074000.0,,,74144000.0,90000.0,90000.0,74234000,-10976000.0,63258000,-16195000.0,47063000,,47063000,47063000,DRQ,2013-12-31
113753,USD,2014,Q1,2014-05-09,2015-04-30,40678000.0,40887000.0,204073000.0,-110787000.0,93286000.0,-23935000.0,-23935000.0,,,69351000.0,76000.0,76000.0,69427000,-10784000.0,58643000,-16025000.0,42618000,,42618000,42618000,DRQ,2014-03-31
113753,USD,2014,Q2,2014-07-30,2015-07-30,40327000.0,40562000.0,230315000.0,-124993000.0,105322000.0,-25520000.0,-25520000.0,,,79802000.0,261000.0,261000.0,80063000,-10848000.0,69215000,-17891000.0,51324000,,51324000,51324000,DRQ,2014-06-30
113753,USD,2014,Q3,2014-10-31,2015-10-29,39630000.0,39880000.0,241750000.0,-135250000.0,106500000.0,-20845000.0,-20845000.0,,,85655000.0,203000.0,203000.0,85858000,-12663000.0,73195000,-17512000.0,55683000,,55683000,55683000,DRQ,2014-09-30
113753,USD,2014,Q4,2015-02-27,2017-02-28,39221000.0,39431000.0,254819000.0,-142497000.0,112322000.0,-22462000.0,-22462000.0,,,89860000.0,92000.0,92000.0,89952000,-11625000.0,78327000,-19240000.0,59087000,,59087000,59087000,DRQ,2014-12-31
113753,USD,2015,Q1,2015-04-30,2016-04-26,38773000.0,38940000.0,226002000.0,-125138000.0,100864000.0,-16958000.0,-16958000.0,,,83906000.0,46000.0,46000.0,83952000,-12213000.0,71739000,-18075000.0,53664000,,53664000,53664000,DRQ,2015-03-31
113753,USD,2015,Q2,2015-07-30,2016-07-29,38686000.0,38888000.0,215276000.0,-117664000.0,97612000.0,-33633000.0,-33633000.0,,,63979000.0,162000.0,162000.0,64141000,-11400000.0,52741000,-13528000.0,39213000,,39213000,39213000,DRQ,2015-06-30
113753,USD,2015,Q3,2015-10-29,2016-10-27,38347000.0,38548000.0,201402000.0,-108132000.0,93270000.0,-17280000.0,-17280000.0,,,75990000.0,341000.0,341000.0,76331000,-11735000.0,64596000,-13819000.0,50777000,,50777000,50777000,DRQ,2015-09-30
113753,USD,2015,Q4,2016-02-25,2018-02-27,37650000.0,37748000.0,201630000.0,-108352000.0,93278000.0,-20173000.0,-20173000.0,,,73105000.0,387000.0,387000.0,73492000,-12797000.0,60695000,-12341000.0,48354000,,48354000,48354000,DRQ,2015-12-31
113753,USD,2016,Q1,2016-04-26,2017-04-27,37752000.0,37847000.0,166561000.0,-93096000.0,73465000.0,-13221000.0,-13221000.0,,,60244000.0,478000.0,478000.0,60722000,-10901000.0,49821000,-13052000.0,36769000,,36769000,36769000,DRQ,2016-03-31
113753,USD,2016,Q2,2016-07-29,2017-07-28,37564000.0,37713000.0,142439000.0,-79881000.0,62558000.0,-5762000.0,-5762000.0,,,56796000.0,531000.0,531000.0,57327000,-11579000.0,45748000,-9611000.0,36137000,,36137000,36137000,DRQ,2016-06-30
113753,USD,2016,Q3,2016-10-27,2017-10-27,37371000.0,37554000.0,123640000.0,-77633000.0,46007000.0,-12504000.0,-12504000.0,,,33503000.0,944000.0,944000.0,34447000,-10570000.0,23877000,-4864000.0,19013000,,19013000,19013000,DRQ,2016-09-30
113753,USD,2016,Q4,2017-02-28,2018-02-27,37461000.0,37554000.0,106091000.0,-77794000.0,28297000.0,-21656000.0,-21656000.0,,,6641000.0,1056000.0,1056000.0,7697000,-11275000.0,-3578000,4880000.0,1302000,,1302000,1302000,DRQ,2016-12-31
113753,USD,2017,Q1,2017-04-27,2018-04-26,37525000.0,37693000.0,119228000.0,-82440000.0,36788000.0,-25808000.0,-25808000.0,,,10980000.0,922000.0,922000.0,11902000,-11850000.0,52000,42000.0,94000,,94000,94000,DRQ,2017-03-31
113753,USD,2017,Q2,2017-07-28,2018-07-26,37528000.0,37718000.0,127922000.0,-87549000.0,40373000.0,-31267000.0,-31267000.0,,,9106000.0,1052000.0,1052000.0,10158000,-10220000.0,-62000,77000.0,15000,,15000,15000,DRQ,2017-06-30
113753,USD,2017,Q3,2017-10-27,2018-10-25,37528000.0,37528000.0,100346000.0,-63050000.0,37296000.0,-27985000.0,-27985000.0,,,9311000.0,945000.0,945000.0,10256000,-71356000.0,-61100000,31840000.0,-29260000,,-29260000,-29260000,DRQ,2017-09-30
113753,USD,2017,Q4,2018-02-27,2018-02-27,37248652.0,36889000.0,107973000.0,-72355000.0,35618000.0,-31023000.0,-31023000.0,,,4595000.0,573000.0,573000.0,5168000,-9702000.0,-4534000,-66954000.0,-71488000,,-71488000,-71488000,DRQ,2017-12-31
113753,USD,2018,Q1,2018-04-26,2018-04-26,37729000.0,37729000.0,99173000.0,-67750000.0,31423000.0,-28253000.0,-28253000.0,,,3170000.0,1795000.0,1795000.0,4965000,-9447000.0,-4482000,-2901000.0,-7383000,,-7383000,-7383000,DRQ,2018-03-31
113753,USD,2018,Q2,2018-07-26,2018-07-26,37615000.0,37615000.0,94861000.0,-69443000.0,25418000.0,-23739000.0,-23739000.0,,,1679000.0,2124000.0,2124000.0,3803000,-5427000.0,-1624000,-1418000.0,-3042000,,-3042000,-3042000,DRQ,2018-06-30
113753,USD,2018,Q3,2018-10-25,2018-10-25,37119000.0,37119000.0,93257000.0,-65630000.0,27627000.0,-31566000.0,-31566000.0,,,-3939000.0,1698000.0,1698000.0,-2241000,-10145000.0,-12386000,2028000.0,-10358000,,-10358000,-10358000,DRQ,2018-09-30
113753,USD,2018,Q4,2019-02-27,2019-02-27,35837000.0,35837000.0,97335000.0,-90750000.0,6585000.0,-18539000.0,-18539000.0,,,-11954000.0,3139000.0,2132000.0,-8815000,-87682000.0,-96497000,21585000.0,-74912000,,-74912000,-74912000,DRQ,2018-12-31
113753,USD,2019,Q1,2019-04-25,2019-04-25,35559000.0,35559000.0,94317000.0,-69376000.0,24941000.0,-24544000.0,-24544000.0,,,397000.0,1885000.0,1885000.0,2282000,-6000000.0,-3718000,-2333000.0,-6051000,,-6051000,-6051000,DRQ,2019-03-31
113753,USD,2019,Q2,2019-07-25,2019-07-25,35967000.0,36210000.0,103808000.0,-73867000.0,29941000.0,-22835000.0,-22835000.0,,,7106000.0,2680000.0,2680000.0,9786000,-4986000.0,4800000,-3119000.0,1681000,,1681000,1681000,DRQ,2019-06-30
113753,USD,2019,Q3,2019-10-24,2019-10-24,35559000.0,35559000.0,108227000.0,-76023000.0,32204000.0,-27962000.0,-27962000.0,,,4242000.0,1880000.0,1880000.0,6122000,-4020000.0,2102000,-3412000.0,-1310000,,-1310000,-1310000,DRQ,2019-09-30
113753,USD,2019,Q4,2020-02-27,2020-02-27,36271000.0,37280000.0,108454000.0,-75741000.0,32713000.0,-23071000.0,-23071000.0,,,9642000.0,2811000.0,1181000.0,12453000,-5208000.0,7245000,155000.0,7400000,,7400000,7400000,DRQ,2019-12-31
113753,USD,2020,Q1,2020-05-06,2021-04-29,35695000.0,35695000.0,95998000.0,-71414000.0,24584000.0,-24658000.0,-24658000.0,,,-74000.0,4257000.0,1015000.0,4183000,-45490000.0,-41307000,21609000.0,-19698000,,-19698000,-19698000,DRQ,2020-03-31
