SimFinId,Currency,Fiscal Year,Fiscal Period,Publish Date,Restated Date,Shares (Basic),Shares (Diluted),Revenue,Cost of Revenue,Gross Profit,Operating Expenses,"Selling, General & Administrative",Research & Development,Depreciation & Amortization,Operating Income (Loss),Non-Operating Income (Loss),"Interest Expense, Net","Pretax Income (Loss), Adj.",Abnormal Gains (Losses),Pretax Income (Loss),"Income Tax (Expense) Benefit, Net",Income (Loss) from Continuing Operations,Net Extraordinary Gains (Losses),Net Income,Net Income (Common),Ticker,Report_Date
819348,USD,2011,Q2,2011-08-09,2012-08-07,26567980.0,26567980.0,19957000.0,,19957000.0,-31323000.0,-6330000.0,-24993000.0,,-11366000.0,-364000.0,-433000.0,-11730000,,-11730000,,-11730000,,-11730000,-11730000,INFI,2011-06-30
819348,USD,2011,Q3,2011-11-08,2012-11-06,26666332.0,26666332.0,23305000.0,,23305000.0,-34888000.0,-5470000.0,-29418000.0,,-11583000.0,-362000.0,-433000.0,-11945000,,-11945000,,-11945000,,-11945000,-11945000,INFI,2011-09-30
819348,USD,2011,Q4,2012-03-13,2014-02-25,26709321.0,26709321.0,22324000.0,,22324000.0,-35936000.0,-6043000.0,-29893000.0,,-13612000.0,-449000.0,-542000.0,-14061000,,-14061000,0.0,-14061000,,-14061000,-14061000,INFI,2011-12-31
819348,USD,2012,Q1,2012-05-08,2013-05-07,26776856.0,26776856.0,25202000.0,,25202000.0,-35363000.0,-6812000.0,-28551000.0,,-10161000.0,-561000.0,-681000.0,-10722000,,-10722000,,-10722000,,-10722000,-10722000,INFI,2012-03-31
819348,USD,2012,Q2,2012-08-07,2013-08-08,27061435.0,27061435.0,21911000.0,,21911000.0,-36198000.0,-7666000.0,-28532000.0,,-14287000.0,-374000.0,-694000.0,-14661000,0.0,-14661000,,-14661000,,-14661000,-14661000,INFI,2012-06-30
819348,USD,2012,Q3,2012-11-06,2013-11-07,32039866.0,35173223.0,,,,-27789000.0,-6294000.0,-21495000.0,,-27789000.0,-363000.0,-533000.0,-28152000,46555000.0,18403000,,18403000,,18403000,18403000,INFI,2012-09-30
819348,USD,2012,Q4,2013-03-05,2015-02-24,40966899.0,37833542.0,1000.0,,1000.0,-47127000.0,-7110000.0,-40017000.0,,-47126000.0,142000.0,0.0,-46984000,0.0,-46984000,0.0,-46984000,,-46984000,-46984000,INFI,2012-12-31
819348,USD,2013,Q1,2013-05-07,2014-05-06,47620147.0,47620147.0,,,,-27661000.0,-7430000.0,-20231000.0,,-27661000.0,335000.0,,-27326000,,-27326000,,-27326000,,-27326000,-27326000,INFI,2013-03-31
819348,USD,2013,Q2,2013-08-08,2014-08-11,47915726.0,47915726.0,,,,-32755000.0,-6675000.0,-26080000.0,,-32755000.0,164000.0,,-32591000,,-32591000,,-32591000,,-32591000,-32591000,INFI,2013-06-30
819348,USD,2013,Q3,2013-11-07,2014-11-10,48052939.0,48052939.0,,,,-34176000.0,-7319000.0,-26857000.0,,-34176000.0,238000.0,,-33938000,,-33938000,,-33938000,,-33938000,-33938000,INFI,2013-09-30
819348,USD,2013,Q4,2014-02-25,2016-02-23,48155192.0,48155192.0,,,,-33084000.0,-6492000.0,-26592000.0,,-33084000.0,159000.0,,-32925000,,-32925000,0.0,-32925000,,-32925000,-32925000,INFI,2013-12-31
819348,USD,2014,Q1,2014-05-06,2015-05-06,48348767.0,48348767.0,,,,-41295000.0,-6804000.0,-34491000.0,,-41295000.0,-971000.0,-1139000.0,-42266000,,-42266000,,-42266000,,-42266000,-42266000,INFI,2014-03-31
819348,USD,2014,Q2,2014-08-11,2015-08-06,48543853.0,48543853.0,,,,-35222000.0,-7057000.0,-28165000.0,,-35222000.0,-2802000.0,-2938000.0,-38024000,,-38024000,,-38024000,,-38024000,-38024000,INFI,2014-06-30
819348,USD,2014,Q3,2014-11-10,2015-11-05,48632888.0,49735303.0,160639000.0,,160639000.0,-52937000.0,-8042000.0,-44895000.0,,107702000.0,-4485000.0,-4537000.0,103217000,,103217000,,103217000,,103217000,103217000,INFI,2014-09-30
819348,USD,2014,Q4,2015-02-24,2017-03-14,48721104.0,47618689.0,4356000.0,,4356000.0,-43464000.0,-7382000.0,-36082000.0,,-39108000.0,-1052000.0,-1035000.0,-40160000,0.0,-40160000,-183000.0,-40343000,,-40343000,-40343000,INFI,2014-12-31
819348,USD,2015,Q1,2015-05-06,2016-05-04,48939383.0,48939383.0,4363000.0,,4363000.0,-96978000.0,-8550000.0,-88428000.0,,-92615000.0,-687000.0,-647000.0,-93302000,,-93302000,,-93302000,,-93302000,-93302000,INFI,2015-03-31
819348,USD,2015,Q2,2015-08-06,2016-08-09,49076031.0,49076031.0,4880000.0,,4880000.0,-43472000.0,-9410000.0,-34062000.0,,-38592000.0,164000.0,-99000.0,-38428000,0.0,-38428000,,-38428000,,-38428000,-38428000,INFI,2015-06-30
819348,USD,2015,Q3,2015-11-05,2016-11-09,49188443.0,49764910.0,90743000.0,,90743000.0,-47483000.0,-9754000.0,-37729000.0,,43260000.0,-236000.0,-311000.0,43024000,0.0,43024000,-480000.0,42544000,,42544000,42544000,INFI,2015-09-30
819348,USD,2015,Q4,2016-02-23,2018-03-15,49130059.0,48553592.0,9080000.0,,9080000.0,-48241000.0,-9351000.0,-38890000.0,,-39161000.0,-174000.0,-311000.0,-39335000,0.0,-39335000,145000.0,-39190000,,-39190000,-39190000,INFI,2015-12-31
819348,USD,2016,Q1,2016-05-04,2017-05-09,49339888.0,49339888.0,9256000.0,,9256000.0,-50024000.0,-10836000.0,-39188000.0,,-40768000.0,104000.0,-309000.0,-40664000,,-40664000,,-40664000,,-40664000,-40664000,INFI,2016-03-31
819348,USD,2016,Q2,2016-08-09,2017-08-03,49437062.0,49439537.0,9467000.0,,9467000.0,-68639000.0,-15692000.0,-52947000.0,,-59172000.0,-53000.0,-307000.0,-59225000,112216000.0,52991000,,52991000,,52991000,52991000,INFI,2016-06-30
819348,USD,2016,Q3,2016-11-09,2017-11-07,49583776.0,49583776.0,0.0,,0.0,-19934000.0,-7120000.0,-12814000.0,,-19934000.0,436000.0,-305000.0,-19498000,0.0,-19498000,,-19498000,,-19498000,-19498000,INFI,2016-09-30
819348,USD,2016,Q4,2017-03-14,2018-03-15,50072210.0,50069735.0,0.0,,0.0,-23233000.0,-8571000.0,-14662000.0,,-23233000.0,303000.0,-304000.0,-22930000,0.0,-22930000,0.0,-22930000,,-22930000,-22930000,INFI,2016-12-31
819348,USD,2017,Q1,2017-05-09,2018-05-08,50423353.0,50423353.0,,,,-10476000.0,-6437000.0,-4039000.0,,-10476000.0,1000.0,-302000.0,-10475000,,-10475000,,-10475000,,-10475000,-10475000,INFI,2017-03-31
819348,USD,2017,Q2,2017-08-03,2018-08-07,50455832.0,50455832.0,,,,-10106000.0,-6205000.0,-3901000.0,,-10106000.0,-6848000.0,-300000.0,-16954000,,-16954000,,-16954000,,-16954000,-16954000,INFI,2017-06-30
819348,USD,2017,Q3,2017-11-07,2018-11-05,50635828.0,50635828.0,6000000.0,,6000000.0,-13843000.0,-4505000.0,-9338000.0,,-7843000.0,739000.0,-287000.0,-7104000,,-7104000,,-7104000,,-7104000,-7104000,INFI,2017-09-30
819348,USD,2017,Q4,2018-03-15,2019-03-14,50725767.0,50725767.0,0.0,,0.0,-8020000.0,-4468000.0,-3552000.0,,-8020000.0,3000.0,-121000.0,-8017000,,-8017000,720000.0,-7297000,,-7297000,-7297000,INFI,2017-12-31
819348,USD,2018,Q1,2018-05-08,2018-05-08,51883570.0,51883570.0,,,,-9517000.0,-3606000.0,-5911000.0,,-9517000.0,66000.0,-93000.0,-9451000,,-9451000,,-9451000,,-9451000,-9451000,INFI,2018-03-31
819348,USD,2018,Q2,2018-08-07,2018-08-07,55966910.0,55966910.0,,,,-7135000.0,-3386000.0,-3749000.0,,-7135000.0,172000.0,0.0,-6963000,,-6963000,,-6963000,,-6963000,-6963000,INFI,2018-06-30
819348,USD,2018,Q3,2018-11-05,2018-11-05,56851811.0,57638660.0,22000000.0,,22000000.0,-8821000.0,-3442000.0,-5379000.0,,13179000.0,202000.0,0.0,13381000,,13381000,,13381000,,13381000,13381000,INFI,2018-09-30
819348,USD,2018,Q4,2019-03-14,2019-03-14,56943189.0,56156340.0,146000.0,,146000.0,-8602000.0,-3814000.0,-4719000.0,,-8456000.0,236000.0,0.0,-8220000,,-8220000,0.0,-8220000,,-8220000,-8220000,INFI,2018-12-31
819348,USD,2019,Q1,2019-05-07,2019-05-07,56924914.0,56924914.0,2142000.0,,2142000.0,-15925000.0,-3398000.0,-5766000.0,,-13783000.0,-15000.0,-304000.0,-13798000,,-13798000,54000.0,-13744000,,-13744000,-13744000,INFI,2019-03-31
819348,USD,2019,Q2,2019-07-30,2019-07-30,56942033.0,56942033.0,257000.0,,257000.0,-10002000.0,-3771000.0,-6076000.0,,-9745000.0,-769000.0,-1087000.0,-10514000,,-10514000,0.0,-10514000,,-10514000,-10514000,INFI,2019-06-30
819348,USD,2019,Q3,2019-10-30,2019-10-30,57028970.0,57028970.0,343000.0,,343000.0,-10924000.0,-3641000.0,-7076000.0,,-10581000.0,-836000.0,-1135000.0,-11417000,,-11417000,0.0,-11417000,,-11417000,-11417000,INFI,2019-09-30
819348,USD,2019,Q4,2020-03-03,2020-03-03,57038691.0,57038691.0,307000.0,,307000.0,-11862000.0,-3479000.0,-8198000.0,,-11555000.0,173000.0,-37000.0,-11382000,,-11382000,0.0,-11382000,,-11382000,-11382000,INFI,2019-12-31
819348,USD,2020,Q1,2020-05-11,2021-05-13,57343608.0,57343608.0,428000.0,,428000.0,-10928000.0,-3324000.0,-7346000.0,,-10500000.0,-386000.0,-572000.0,-10886000,,-10886000,,-10886000,,-10886000,-10886000,INFI,2020-03-31
