SimFinId,Currency,Fiscal Year,Fiscal Period,Publish Date,Restated Date,Shares (Basic),Shares (Diluted),Revenue,Cost of Revenue,Gross Profit,Operating Expenses,"Selling, General & Administrative",Research & Development,Depreciation & Amortization,Operating Income (Loss),Non-Operating Income (Loss),"Interest Expense, Net","Pretax Income (Loss), Adj.",Abnormal Gains (Losses),Pretax Income (Loss),"Income Tax (Expense) Benefit, Net",Income (Loss) from Continuing Operations,Net Extraordinary Gains (Losses),Net Income,Net Income (Common),Ticker,Report_Date
747270,USD,2014,Q2,2014-08-06,2015-08-07,45760000.0,45760000.0,29506000.0,-11731000.0,17775000.0,-39153000.0,-28654000.0,-10499000.0,,-21378000.0,-450000.0,,-21828000,,-21828000,85000.0,-21743000,,-21743000,-21749000,ZEN,2014-06-30
747270,USD,2014,Q3,2014-11-06,2015-11-06,71732000.0,71732000.0,33910000.0,-11684000.0,22226000.0,-40038000.0,-30488000.0,-9550000.0,,-17812000.0,-343000.0,,-18155000,,-18155000,236000.0,-17919000,,-17919000,-17919000,ZEN,2014-09-30
747270,USD,2014,Q4,2015-02-06,2017-02-27,74030000.0,74030000.0,38541000.0,-13637000.0,24904000.0,-42107000.0,-30931000.0,-11176000.0,,-17203000.0,-282000.0,,-17485000,,-17485000,-9000.0,-17494000,,-17494000,-17494000,ZEN,2014-12-31
747270,USD,2015,Q1,2015-05-07,2016-05-05,76338000.0,76338000.0,42234000.0,-14290000.0,27944000.0,-46789000.0,-33530000.0,-13259000.0,,-18845000.0,-230000.0,,-19075000,,-19075000,-93000.0,-19168000,,-19168000,-19168000,ZEN,2015-03-31
747270,USD,2015,Q2,2015-08-07,2016-08-04,86390000.0,86390000.0,48227000.0,-16162000.0,32065000.0,-53005000.0,-38778000.0,-14227000.0,,-20940000.0,-343000.0,,-21283000,,-21283000,-199000.0,-21482000,,-21482000,-21482000,ZEN,2015-06-30
747270,USD,2015,Q3,2015-11-06,2016-11-03,87777000.0,87777000.0,55661000.0,-17039000.0,38622000.0,-57429000.0,-41398000.0,-16031000.0,,-18807000.0,145000.0,,-18662000,,-18662000,-262000.0,-18924000,,-18924000,-18924000,ZEN,2015-09-30
747270,USD,2015,Q4,2016-03-03,2018-02-22,89199000.0,89199000.0,62646000.0,-19693000.0,42953000.0,-67346000.0,-48248000.0,-19098000.0,,-24393000.0,-301000.0,,-24694000,,-24694000,216000.0,-24478000,,-24478000,-24478000,ZEN,2015-12-31
747270,USD,2016,Q1,2016-05-05,2017-05-08,90519000.0,90519000.0,68459000.0,-21516000.0,46943000.0,-73630000.0,-52033000.0,-21597000.0,,-26687000.0,-70000.0,,-26757000,,-26757000,-414000.0,-27171000,,-27171000,-27171000,ZEN,2016-03-31
747270,USD,2016,Q2,2016-08-04,2017-08-07,92174000.0,92174000.0,74200000.0,-22936000.0,51264000.0,-77560000.0,-55426000.0,-22134000.0,,-26296000.0,134000.0,,-26162000,,-26162000,-92000.0,-26254000,,-26254000,-26254000,ZEN,2016-06-30
747270,USD,2016,Q3,2016-11-03,2017-11-03,94085000.0,94085000.0,80717000.0,-23866000.0,56851000.0,-83064000.0,-60111000.0,-22953000.0,,-26213000.0,681000.0,,-25532000,,-25532000,-294000.0,-25826000,,-25826000,-25826000,ZEN,2016-09-30
747270,USD,2016,Q4,2017-02-27,2018-02-22,95866000.0,95866000.0,88623000.0,-25582000.0,63041000.0,-88171000.0,-63788000.0,-24383000.0,,-25130000.0,775000.0,,-24355000,,-24355000,-193000.0,-24548000,,-24548000,-24548000,ZEN,2016-12-31
747270,USD,2017,Q1,2017-05-08,2018-05-04,97475000.0,97475000.0,93888000.0,-28107000.0,65781000.0,-91042000.0,-64586000.0,-26456000.0,,-25261000.0,218000.0,,-25043000,,-25043000,-38000.0,-25081000,,-25081000,-25081000,ZEN,2017-03-31
747270,USD,2017,Q2,2017-08-07,2018-08-03,99506000.0,99506000.0,102096000.0,-30663000.0,71433000.0,-98898000.0,-70200000.0,-28698000.0,,-27465000.0,508000.0,,-26957000,,-26957000,690000.0,-26267000,,-26267000,-26267000,ZEN,2017-06-30
747270,USD,2017,Q3,2017-11-03,2017-11-03,100659000.0,100659000.0,112786000.0,-33693000.0,79093000.0,-107534000.0,-78176000.0,-29358000.0,,-28441000.0,619000.0,,-27822000,,-27822000,133000.0,-27689000,,-27689000,-27689000,ZEN,2017-09-30
747270,USD,2017,Q4,2018-02-05,2018-02-22,102032000.0,102032000.0,121722000.0,-34959000.0,86763000.0,-120239000.0,-89460000.0,-30779000.0,,-33476000.0,1142000.0,,-32334000,,-32334000,733000.0,-31601000,,-31601000,-31601000,ZEN,2017-12-31
747270,USD,2018,Q1,2018-05-04,2018-05-04,103692000.0,103692000.0,129791000.0,-39056000.0,90735000.0,-124350000.0,-87265000.0,-37085000.0,,-33615000.0,1000000.0,,-32615000,,-32615000,3290000.0,-29325000,,-29325000,-29325000,ZEN,2018-03-31
747270,USD,2018,Q2,2018-08-03,2018-08-03,105000000.0,105000000.0,141882000.0,-44160000.0,97722000.0,-131319000.0,-93695000.0,-37624000.0,,-33597000.0,-2436000.0,,-36033000,,-36033000,1667000.0,-34366000,,-34366000,-34366000,ZEN,2018-06-30
747270,USD,2018,Q3,2018-11-05,2018-11-05,106143000.0,106143000.0,154828000.0,-46992000.0,107836000.0,-142037000.0,-101627000.0,-40410000.0,,-34201000.0,-2277000.0,,-36478000,,-36478000,2334000.0,-34144000,,-34144000,-34144000,ZEN,2018-09-30
747270,USD,2018,Q4,2019-02-14,2019-02-14,107433000.0,107433000.0,172245000.0,-51047000.0,121198000.0,-157713000.0,-112572000.0,-45141000.0,,-36515000.0,-1550000.0,,-38065000,,-38065000,4816000.0,-33249000,,-33249000,-33249000,ZEN,2018-12-31
747270,USD,2019,Q1,2019-05-02,2019-05-02,108630000.0,108630000.0,181484000.0,-55654000.0,125830000.0,-169744000.0,-122953000.0,-46791000.0,,-43914000.0,-372000.0,,-44286000,,-44286000,-434000.0,-44720000,,-44720000,-44720000,ZEN,2019-03-31
747270,USD,2019,Q2,2019-08-02,2019-08-02,109986000.0,109986000.0,194583000.0,-57670000.0,136913000.0,-188275000.0,-137765000.0,-50510000.0,,-51362000.0,-2588000.0,,-53950000,,-53950000,-591000.0,-54541000,,-54541000,-54541000,ZEN,2019-06-30
747270,USD,2019,Q3,2019-11-01,2019-11-01,111261000.0,111261000.0,210477000.0,-59210000.0,151267000.0,-186695000.0,-132167000.0,-54528000.0,,-35428000.0,840000.0,,-34588000,,-34588000,364000.0,-34224000,,-34224000,-34224000,ZEN,2019-09-30
747270,USD,2019,Q4,2020-02-13,2020-02-13,112547000.0,112547000.0,229872000.0,-61748000.0,168124000.0,-200424000.0,-144705000.0,-55719000.0,,-32300000.0,-3179000.0,,-35479000,,-35479000,-689000.0,-36168000,,-36168000,-36168000,ZEN,2019-12-31
747270,USD,2020,Q1,2020-05-04,2021-05-03,113538000.0,113538000.0,237475000.0,-59702000.0,177773000.0,-219057000.0,-158636000.0,-60421000.0,,-41284000.0,17000.0,,-41267000,,-41267000,-1516000.0,-42783000,,-42783000,-42783000,ZEN,2020-03-31
