SimFinId,Currency,Fiscal Year,Fiscal Period,Publish Date,Restated Date,Shares (Basic),Shares (Diluted),Revenue,Cost of Revenue,Gross Profit,Operating Expenses,"Selling, General & Administrative",Research & Development,Depreciation & Amortization,Operating Income (Loss),Non-Operating Income (Loss),"Interest Expense, Net","Pretax Income (Loss), Adj.",Abnormal Gains (Losses),Pretax Income (Loss),"Income Tax (Expense) Benefit, Net",Income (Loss) from Continuing Operations,Net Extraordinary Gains (Losses),Net Income,Net Income (Common),Ticker,Report_Date
530203,USD,2011,Q4,2012-03-12,2014-02-28,17701034.0,18830012.0,695733000.0,-598177000.0,97556000.0,-70559000.0,-66703000.0,,-3856000.0,26997000.0,-7473000.0,-10401000.0,19524000,-4082000.0,15442000,6017000.0,21459000,,23229000,23229000,CPS,2011-12-31
530203,USD,2012,Q1,2012-05-09,2013-05-08,17705918.0,19086800.0,765264000.0,-643606000.0,121658000.0,-75873000.0,-72040000.0,,-3833000.0,45785000.0,-7483000.0,-11187000.0,38302000,-6094000.0,32208000,-8062000.0,24146000,,23787000,23787000,CPS,2012-03-31
530203,USD,2012,Q2,2012-08-09,2013-08-07,17575596.0,18712753.0,734501000.0,-620054000.0,114447000.0,-72862000.0,-68971000.0,,-3891000.0,41585000.0,-12536000.0,-10814000.0,29049000,507000.0,29556000,46226000.0,75782000,,77316000,77316000,CPS,2012-06-30
530203,USD,2012,Q3,2012-11-08,2013-11-06,17454226.0,18293767.0,684029000.0,-580956000.0,103073000.0,-69287000.0,-65421000.0,,-3866000.0,33786000.0,-7865000.0,-11325000.0,25921000,-10171000.0,15750000,-5392000.0,10358000,,11624000,11624000,CPS,2012-09-30
530203,USD,2012,Q4,2013-02-28,2015-02-24,17044180.0,17989420.0,697108000.0,-597398000.0,99710000.0,-78702000.0,-74836000.0,,-3866000.0,21008000.0,-8163000.0,-11436000.0,12845000,-23074000.0,-10229000,-1241000.0,-11470000,,-9923000,-9923000,CPS,2012-12-31
530203,USD,2013,Q1,2013-05-08,2014-05-06,16621120.0,17711378.0,747577000.0,-627264000.0,120313000.0,-78985000.0,-75094000.0,,-3891000.0,41328000.0,-8804000.0,-11207000.0,32524000,-4760000.0,27764000,-7891000.0,19873000,,20701000,20701000,CPS,2013-03-31
530203,USD,2013,Q2,2013-08-07,2014-08-01,14214589.0,15411206.0,784707000.0,-652443000.0,132264000.0,-76603000.0,-72745000.0,,-3858000.0,55661000.0,-16225000.0,-13575000.0,39436000,-1088000.0,38348000,-12202000.0,26146000,,27432000,27432000,CPS,2013-06-30
530203,USD,2013,Q3,2013-11-06,2014-10-31,13045575.0,14251959.0,764057000.0,-649028000.0,115029000.0,-76753000.0,-72968000.0,,-3785000.0,38276000.0,-11616000.0,-15171000.0,26660000,-1907000.0,24753000,-4467000.0,20286000,,20596000,20596000,CPS,2013-09-30
530203,USD,2013,Q4,2014-02-28,2016-02-23,14836192.0,15575713.0,794201000.0,-689069000.0,105132000.0,-76536000.0,-72639000.0,,-3897000.0,28596000.0,-14643000.0,-14968000.0,13953000,-13965000.0,-12000,-21039000.0,-21051000,,-20788000,-20788000,CPS,2013-12-31
530203,USD,2014,Q1,2014-05-06,2015-05-08,16656600.0,17920271.0,837606000.0,-703347000.0,134259000.0,-84007000.0,-79571000.0,,-4436000.0,50252000.0,-13742000.0,-15008000.0,36510000,-3089000.0,33421000,-12064000.0,21357000,,19735000,19735000,CPS,2014-03-31
530203,USD,2014,Q2,2014-08-01,2015-07-31,16919521.0,18430226.0,857553000.0,-711444000.0,146109000.0,-85870000.0,-81873000.0,,-3997000.0,60239000.0,-37807000.0,-10919000.0,22432000,-3756000.0,18676000,-4424000.0,14252000,,13194000,13194000,CPS,2014-06-30
530203,USD,2014,Q3,2014-10-31,2015-11-04,17066067.0,18415684.0,780954000.0,-669701000.0,111253000.0,-52872000.0,-67365000.0,,-3892000.0,58381000.0,-12440000.0,-9405000.0,45941000,-4845000.0,41096000,-18866000.0,22230000,,22666000,22666000,CPS,2014-09-30
530203,USD,2014,Q4,2015-02-24,2017-02-17,16139236.0,16818175.0,767874000.0,-650066000.0,117808000.0,-78485000.0,-72915000.0,,-4112000.0,39323000.0,18252000.0,-10272000.0,57575000,-62485000.0,-4910000,-7456000.0,-12366000,,-12816000,-12816000,CPS,2014-12-31
530203,USD,2015,Q1,2015-05-08,2016-05-04,17037283.0,18237452.0,800050000.0,-669178000.0,130872000.0,-79859000.0,-76311000.0,,-3548000.0,51013000.0,3696000.0,-9157000.0,54709000,-18840000.0,35869000,-14741000.0,21128000,,20987000,20987000,CPS,2015-03-31
530203,USD,2015,Q2,2015-07-31,2016-07-29,17077732.0,18410467.0,860821000.0,-706863000.0,153958000.0,-87751000.0,-84079000.0,,-3672000.0,66207000.0,-5802000.0,-9268000.0,60405000,-7429000.0,52976000,-16442000.0,36534000,,36496000,36496000,CPS,2015-06-30
530203,USD,2015,Q3,2015-11-04,2016-11-02,17294155.0,18430013.0,827531000.0,-679083000.0,148448000.0,-82664000.0,-79065000.0,,-3599000.0,65784000.0,-11857000.0,-9487000.0,53927000,-8540000.0,45387000,-12869000.0,32518000,,32732000,32732000,CPS,2015-09-30
530203,USD,2015,Q4,2016-02-23,2017-02-17,17441258.0,18582044.0,854402000.0,-700567000.0,153835000.0,-85507000.0,-90467000.0,,-3073000.0,68328000.0,-8926000.0,-10419000.0,59402000,-40646000.0,18756000,2834000.0,21590000,,21665000,21665000,CPS,2015-12-31
530203,USD,2016,Q1,2016-05-04,2017-05-03,17442364.0,18746600.0,862497000.0,-702673000.0,159824000.0,-86891000.0,-83458000.0,,-3278000.0,72933000.0,-15798000.0,-9752000.0,57135000,-10832000.0,46303000,-14766000.0,31537000,,31323000,31323000,CPS,2016-03-31
530203,USD,2016,Q2,2016-07-29,2017-08-04,17242277.0,18591647.0,879304000.0,-707343000.0,171961000.0,-95911000.0,-92672000.0,,-3239000.0,76050000.0,-7583000.0,-9995000.0,68467000,-12206000.0,56261000,-16021000.0,40240000,,40189000,40189000,CPS,2016-06-30
530203,USD,2016,Q3,2016-11-02,2017-11-01,17469156.0,18760663.0,855656000.0,-690984000.0,164672000.0,-95825000.0,-92368000.0,,-3457000.0,68847000.0,-9246000.0,-10114000.0,59601000,-10430000.0,49171000,-12525000.0,36646000,,36362000,36362000,CPS,2016-09-30
530203,USD,2016,Q4,2017-02-17,2017-02-17,17685043.0,18822602.0,875434000.0,-707049000.0,168385000.0,-94876000.0,-91284000.0,,-3592000.0,73509000.0,-11544000.0,-11528000.0,61965000,-18940000.0,43025000,-11009000.0,32016000,,31114000,31114000,CPS,2016-12-31
530203,USD,2017,Q1,2017-05-03,2017-05-03,17742994.0,18972550.0,902051000.0,-731966000.0,170085000.0,-91229000.0,-87634000.0,,-3595000.0,78856000.0,-10204000.0,-11239000.0,68652000,-14258000.0,54394000,-11890000.0,42504000,,41706000,41706000,CPS,2017-03-31
530203,USD,2017,Q2,2017-08-04,2017-08-04,17863203.0,18865967.0,909145000.0,-736905000.0,172240000.0,-89640000.0,-86104000.0,,-3536000.0,82600000.0,-11077000.0,-10293000.0,71523000,-9343000.0,62180000,-20530000.0,41650000,,40456000,40456000,CPS,2017-06-30
530203,USD,2017,Q3,2017-11-01,2017-11-01,17703660.0,18680518.0,869016000.0,-718187000.0,150829000.0,-97577000.0,-94145000.0,,-3432000.0,53252000.0,-10047000.0,-10256000.0,43205000,-9909000.0,33296000,-7838000.0,25458000,,24640000,24640000,CPS,2017-09-30
530203,USD,2017,Q4,2018-02-21,2018-02-21,17815231.0,18587577.0,937914000.0,-759770000.0,178144000.0,-85106000.0,-81613000.0,,-3493000.0,93038000.0,-12398000.0,-10324000.0,80640000,-17410000.0,63230000,-34269000.0,28961000,,28501000,28501000,CPS,2017-12-31
530203,USD,2018,Q1,2018-05-02,2018-05-02,17991488.0,18511113.0,967391000.0,-796511000.0,170880000.0,-83846000.0,-80440000.0,,-3406000.0,87034000.0,-9832000.0,-9800000.0,77202000,-7895000.0,69307000,-11891000.0,57416000,,56792000,56792000,CPS,2018-03-31
530203,USD,2018,Q2,2018-08-01,2018-08-01,18000579.0,18371775.0,928262000.0,-776897000.0,151365000.0,-79738000.0,-76339000.0,,-3399000.0,71627000.0,-9282000.0,-9973000.0,62345000,-10013000.0,52332000,-9130000.0,43202000,,41877000,41877000,CPS,2018-06-30
530203,USD,2018,Q3,2018-11-02,2018-11-02,17828358.0,18209168.0,861653000.0,-741998000.0,119655000.0,-85925000.0,-82134000.0,,-3791000.0,33730000.0,-10267000.0,-9983000.0,23463000,8011000.0,31474000,1190000.0,32664000,,32156000,32156000,CPS,2018-09-30
530203,USD,2018,Q4,2019-02-25,2019-02-25,17758447.0,18068752.0,866736000.0,-760331000.0,106405000.0,-80140000.0,-75892000.0,,-4248000.0,26265000.0,-9743000.0,-11248000.0,16522000,-99980000.0,-83458000,49231000.0,-34227000,,-27224000,-27224000,CPS,2018-12-31
530203,USD,2019,Q1,2019-05-02,2019-05-02,17535195.0,17535195.0,880038000.0,-762490000.0,117548000.0,-90749000.0,-86974000.0,,-3775000.0,26799000.0,-10370000.0,-11932000.0,16429000,-17715000.0,-1286000,-2331000.0,-3617000,,-3460000,-3460000,CPS,2019-03-31
530203,USD,2019,Q2,2019-08-02,2019-08-02,17312359.0,17376458.0,764806000.0,-666828000.0,97978000.0,-79318000.0,-74170000.0,,-5148000.0,18660000.0,-11465000.0,-11575000.0,7195000,181795000.0,188990000,-44239000.0,144751000,,145296000,145296000,CPS,2019-06-30
530203,USD,2019,Q3,2019-11-07,2019-11-07,16880736.0,16880736.0,729021000.0,-659313000.0,69708000.0,-67270000.0,-63020000.0,,-4250000.0,2438000.0,-9350000.0,-10351000.0,-6912000,-9260000.0,-16172000,574000.0,-15598000,,-13853000,-13853000,CPS,2019-09-30
530203,USD,2019,Q4,2020-02-26,2020-02-26,16856206.0,17042683.0,734535000.0,-660647000.0,73888000.0,-83125000.0,-78332000.0,,-4793000.0,-9237000.0,-10684000.0,-10255000.0,-19921000,-53309000.0,-73230000,9907000.0,-63323000,,-60454000,-60454000,CPS,2019-12-31
530203,USD,2020,Q1,2020-05-11,2021-05-07,16883717.0,16883717.0,654890000.0,-611747000.0,43143000.0,-75121000.0,-70671000.0,,-4450000.0,-31978000.0,-12246000.0,-10237000.0,-44224000,-82332000.0,-126556000,14117000.0,-112439000,,-110588000,-110588000,CPS,2020-03-31
