SimFinId,Currency,Fiscal Year,Fiscal Period,Publish Date,Restated Date,Shares (Basic),Shares (Diluted),Revenue,Cost of Revenue,Gross Profit,Operating Expenses,"Selling, General & Administrative",Research & Development,Depreciation & Amortization,Operating Income (Loss),Non-Operating Income (Loss),"Interest Expense, Net","Pretax Income (Loss), Adj.",Abnormal Gains (Losses),Pretax Income (Loss),"Income Tax (Expense) Benefit, Net",Income (Loss) from Continuing Operations,Net Extraordinary Gains (Losses),Net Income,Net Income (Common),Ticker,Report_Date
199984,USD,2010,Q3,2010-09-03,2011-09-09,52149000.0,52996000.0,869029000.0,-776224000.0,92805000.0,-57479000.0,-54697000.0,,-2782000.0,35326000.0,-1149000.0,-1149000.0,34177000,,34177000,-13204000.0,20973000,-10000.0,20963000,20963000,ABM,2010-07-31
199984,USD,2010,Q4,2010-12-23,2012-12-20,52491000.0,53369000.0,901373000.0,-803719000.0,97654000.0,-61896000.0,-58783000.0,,-3113000.0,35758000.0,-1098000.0,-1098000.0,34660000,0.0,34660000,-13222000.0,21438000,368000.0,21806000,21806000,ABM,2010-10-31
199984,USD,2011,Q1,2011-03-10,2012-03-06,52839000.0,53893000.0,1029169000.0,-924305000.0,104864000.0,-87948000.0,-82655000.0,,-5293000.0,16916000.0,-3259000.0,-4046000.0,13657000,,13657000,-5252000.0,8405000,-15000.0,8390000,8390000,ABM,2011-01-31
199984,USD,2011,Q2,2011-06-09,2012-06-07,53106000.0,54159000.0,1060083000.0,-944523000.0,115560000.0,-89061000.0,-83395000.0,,-5666000.0,26499000.0,-3485000.0,-4317000.0,23014000,,23014000,-8814000.0,14200000,-8000.0,14192000,14192000,ABM,2011-04-30
199984,USD,2011,Q3,2011-09-09,2012-09-06,53207000.0,54201000.0,1076247000.0,-952844000.0,123403000.0,-82670000.0,-76356000.0,,-6314000.0,40733000.0,-2948000.0,-4114000.0,37785000,,37785000,-9874000.0,27911000,-36000.0,27875000,27875000,ABM,2011-07-31
199984,USD,2011,Q4,2011-12-23,2013-12-18,53332000.0,54159000.0,1081343000.0,-959592000.0,121751000.0,-88331000.0,-82356000.0,,-5975000.0,33420000.0,-2198000.0,-3328000.0,31222000,,31222000,-13040000.0,18182000,-135000.0,18047000,18047000,ABM,2011-10-31
199984,USD,2012,Q1,2012-03-06,2013-03-07,53499000.0,54493000.0,1073785000.0,-966420000.0,107365000.0,-89569000.0,-84020000.0,,-5549000.0,17796000.0,298000.0,-2834000.0,18094000,,18094000,-7454000.0,10640000,-10000.0,10630000,10630000,ABM,2012-01-31
199984,USD,2012,Q2,2012-06-07,2013-06-05,53944000.0,54963000.0,1057244000.0,-947916000.0,109328000.0,-90465000.0,-85164000.0,,-5301000.0,18863000.0,-940000.0,-2441000.0,17923000,-313000.0,17610000,-5863000.0,11747000,-35000.0,11712000,11712000,ABM,2012-04-30
199984,USD,2012,Q3,2012-09-06,2013-09-05,54145000.0,55000000.0,1079235000.0,-971628000.0,107607000.0,-84434000.0,-79100000.0,,-5334000.0,23173000.0,-1660000.0,-2407000.0,21513000,,21513000,-8887000.0,12626000,-49000.0,12577000,12577000,ABM,2012-07-31
199984,USD,2012,Q4,2012-12-20,2014-12-17,54412000.0,55144000.0,1090036000.0,-968436000.0,121600000.0,-84832000.0,-79516000.0,,-5316000.0,36768000.0,-1298000.0,-2318000.0,35470000,13000.0,35483000,-7796000.0,27687000,-6000.0,27681000,27681000,ABM,2012-10-31
199984,USD,2013,Q1,2013-03-07,2014-03-05,54525000.0,55497000.0,1182123000.0,-1067879000.0,114244000.0,-94938000.0,-87749000.0,,-7189000.0,19306000.0,-2115000.0,-3310000.0,17191000,,17191000,-3809000.0,13382000,,13382000,13382000,ABM,2013-01-31
199984,USD,2013,Q2,2013-06-05,2014-06-04,54700000.0,55800000.0,1173600000.0,-1048200000.0,125400000.0,-91800000.0,-84500000.0,,-7300000.0,33600000.0,-1900000.0,-3000000.0,31700000,,31700000,-12400000.0,19300000,,19300000,19300000,ABM,2013-04-30
199984,USD,2013,Q3,2013-09-05,2014-09-04,55000000.0,56300000.0,1216800000.0,-1095700000.0,121100000.0,-92400000.0,-85400000.0,,-7000000.0,28700000.0,-1800000.0,-3400000.0,26900000,,26900000,-10900000.0,16000000,,16000000,16000000,ABM,2013-07-31
199984,USD,2013,Q4,2013-12-18,2015-12-17,55375000.0,56803000.0,855277000.0,-752321000.0,102956000.0,-79262000.0,-72951000.0,,-6311000.0,23694000.0,-785000.0,-3190000.0,22909000,,22909000,-8991000.0,13918000,10300000.0,24218000,24218000,ABM,2013-10-31
199984,USD,2014,Q1,2014-03-05,2015-03-04,55700000.0,57100000.0,1226500000.0,-1108500000.0,118000000.0,-94100000.0,-87400000.0,,-6700000.0,23900000.0,-1200000.0,-2700000.0,22700000,,22700000,-9600000.0,13100000,,13100000,13100000,ABM,2014-01-31
199984,USD,2014,Q2,2014-06-04,2015-06-03,56100000.0,57000000.0,1231300000.0,-1103400000.0,127900000.0,-100000000.0,-93300000.0,,-6700000.0,27900000.0,-1500000.0,-2700000.0,26400000,,26400000,-11200000.0,15200000,,15200000,15200000,ABM,2014-04-30
199984,USD,2014,Q3,2014-09-04,2015-09-03,56200000.0,57000000.0,1276100000.0,-1144700000.0,131400000.0,-97700000.0,-91200000.0,,-6500000.0,33700000.0,-1100000.0,-2700000.0,32600000,,32600000,-13200000.0,19400000,,19400000,19400000,ABM,2014-07-31
199984,USD,2014,Q4,2014-12-17,2015-12-17,56400000.0,57300000.0,915800000.0,-803900000.0,111900000.0,-82600000.0,-76300000.0,,-6300000.0,29300000.0,-400000.0,-2600000.0,28900000,,28900000,-9700000.0,19200000,8700000.0,27900000,27900000,ABM,2014-10-31
199984,USD,2015,Q1,2015-03-04,2016-03-09,56400000.0,57200000.0,1194500000.0,-1073000000.0,121500000.0,-104700000.0,-98700000.0,,-6000000.0,16800000.0,-1200000.0,-2700000.0,15600000,,15600000,-1300000.0,14300000,3400000.0,17700000,17700000,ABM,2015-01-31
199984,USD,2015,Q2,2015-06-03,2016-06-09,56800000.0,57600000.0,1176400000.0,-1052600000.0,123800000.0,-96600000.0,-90600000.0,,-6000000.0,27200000.0,-300000.0,-2500000.0,26900000,,26900000,-10900000.0,16000000,2300000.0,18300000,18300000,ABM,2015-04-30
199984,USD,2015,Q3,2015-09-03,2016-09-08,56800000.0,57500000.0,1249900000.0,-1156300000.0,93600000.0,-101200000.0,-92800000.0,,-8400000.0,-7600000.0,200000.0,-2400000.0,-7400000,,-7400000,8600000.0,1200000,300000.0,1500000,1500000,ABM,2015-07-31
199984,USD,2015,Q4,2015-12-17,2015-12-17,56800000.0,57300000.0,1277000000.0,-1128100000.0,148900000.0,-111700000.0,-107900000.0,,-3800000.0,37200000.0,100000.0,-2600000.0,37300000,,37300000,-14700000.0,22600000,16200000.0,38800000,38800000,ABM,2015-10-31
199984,USD,2016,Q1,2016-03-09,2016-03-09,56600000.0,57100000.0,1268400000.0,-1146400000.0,122000000.0,-108400000.0,-94800000.0,,-13600000.0,13600000.0,-300000.0,-2700000.0,13300000,,13300000,300000.0,13600000,400000.0,14000000,14000000,ABM,2016-01-31
199984,USD,2016,Q2,2016-06-09,2016-06-09,56400000.0,56900000.0,1257100000.0,-1132400000.0,124700000.0,-112900000.0,-97500000.0,,-15400000.0,11800000.0,-1500000.0,-2400000.0,10300000,,10300000,-3500000.0,6800000,-2400000.0,4400000,4400000,ABM,2016-04-30
199984,USD,2016,Q3,2016-09-08,2016-09-08,56200000.0,56800000.0,1296900000.0,-1166500000.0,130400000.0,-111900000.0,-102800000.0,,-9100000.0,18500000.0,-500000.0,-2600000.0,18000000,,18000000,14900000.0,32900000,-1800000.0,31100000,31100000,ABM,2016-07-31
199984,USD,2016,Q4,2016-12-21,2016-12-21,56000000.0,56800000.0,1322300000.0,-1158100000.0,164200000.0,-130900000.0,-115000000.0,,-15900000.0,33300000.0,-500000.0,-2700000.0,32800000,-22500000.0,10300000,-1300000.0,9000000,-1300000.0,7700000,7700000,ABM,2016-10-31
199984,USD,2017,Q1,2017-03-08,2017-03-08,56000000.0,56600000.0,1326700000.0,-1195100000.0,131600000.0,-107800000.0,-97300000.0,,-10500000.0,23800000.0,-1800000.0,-3200000.0,22000000,,22000000,-5900000.0,16100000,-72900000.0,-56800000,-56800000,ABM,2017-01-31
199984,USD,2017,Q2,2017-06-08,2017-06-08,56000000.0,56500000.0,1310500000.0,-1164600000.0,145900000.0,-112300000.0,-100700000.0,,-11600000.0,33600000.0,-2100000.0,-3000000.0,31500000,17400000.0,48900000,-17300000.0,31600000,-400000.0,31200000,31200000,ABM,2017-04-30
199984,USD,2017,Q3,2017-09-07,2017-09-07,56100000.0,56600000.0,1318400000.0,-1184500000.0,133900000.0,-112600000.0,-101300000.0,,-11300000.0,21300000.0,-1600000.0,-2800000.0,19700000,1100000.0,20800000,11900000.0,32700000,0.0,32700000,32700000,ABM,2017-07-31
199984,USD,2017,Q4,2017-12-22,2017-12-22,62700000.0,63500000.0,1498000000.0,-1337000000.0,161000000.0,-156400000.0,-137300000.0,,-19100000.0,4600000.0,-9500000.0,-10200000.0,-4900000,0.0,-4900000,2500000.0,-2400000,-1000000.0,-3400000,-3400000,ABM,2017-10-31
199984,USD,2018,Q1,2018-03-07,2018-03-07,65900000.0,66300000.0,1588300000.0,-1429300000.0,159000000.0,-139500000.0,-109000000.0,,-30500000.0,19500000.0,-13800000.0,-14300000.0,5700000,,5700000,22200000.0,27900000,-100000.0,27800000,27800000,ABM,2018-01-31
199984,USD,2018,Q2,2018-06-07,2018-06-07,66000000.0,66200000.0,1580800000.0,-1405800000.0,175000000.0,-129800000.0,-107800000.0,,-22000000.0,45200000.0,-12800000.0,-13800000.0,32400000,0.0,32400000,-7100000.0,25300000,1200000.0,26500000,26500000,ABM,2018-04-30
199984,USD,2018,Q3,2018-09-07,2018-09-07,66100000.0,66300000.0,1624300000.0,-1446700000.0,177600000.0,-129500000.0,-110000000.0,,-19500000.0,48100000.0,-11900000.0,-12900000.0,36200000,0.0,36200000,-2400000.0,33800000,-100000.0,33700000,33700000,ABM,2018-07-31
199984,USD,2018,Q4,2018-12-21,2018-12-21,66400000.0,66800000.0,1648800000.0,-1465600000.0,183200000.0,-130900000.0,-111200000.0,,-19700000.0,52300000.0,-12400000.0,-13100000.0,39900000,-26500000.0,13400000,-4500000.0,8900000,800000.0,9700000,9700000,ABM,2018-10-31
199984,USD,2019,Q1,2019-03-07,2019-03-07,66400000.0,66700000.0,1607900000.0,-1446000000.0,161900000.0,-131700000.0,-112700000.0,,-19000000.0,30200000.0,-12600000.0,-13500000.0,17600000,,17600000,-4700000.0,12900000,-100000.0,12800000,12800000,ABM,2019-01-31
199984,USD,2019,Q2,2019-06-06,2019-06-06,66500000.0,66800000.0,1594700000.0,-1414200000.0,180500000.0,-125900000.0,-108400000.0,,-17500000.0,54600000.0,-12000000.0,-12800000.0,42600000,,42600000,-12600000.0,30000000,-200000.0,29800000,29800000,ABM,2019-04-30
199984,USD,2019,Q3,2019-09-06,2019-09-06,66600000.0,67000000.0,1647900000.0,-1454100000.0,193800000.0,-136700000.0,-119800000.0,,-16900000.0,57100000.0,-12200000.0,-12900000.0,44900000,,44900000,-8500000.0,36400000,200000.0,36600000,36600000,ABM,2019-07-31
199984,USD,2019,Q4,2019-12-20,2019-12-20,66900000.0,67100000.0,1648100000.0,-1453200000.0,194900000.0,-128300000.0,-112000000.0,,-16300000.0,66600000.0,-11300000.0,-11900000.0,55300000,0.0,55300000,-6900000.0,48400000,0.0,48400000,48400000,ABM,2019-10-31
199984,USD,2020,Q1,2020-03-05,2021-03-10,66900000.0,67200000.0,1612900000.0,-1433700000.0,179200000.0,-130200000.0,-117600000.0,,-12600000.0,49000000.0,-9300000.0,-10200000.0,39700000,-3100000.0,36600000,-8600000.0,28000000,100000.0,28100000,28100000,ABM,2020-01-31
