SimFinId,Currency,Fiscal Year,Fiscal Period,Publish Date,Restated Date,Shares (Basic),Shares (Diluted),Revenue,Cost of Revenue,Gross Profit,Operating Expenses,"Selling, General & Administrative",Research & Development,Depreciation & Amortization,Operating Income (Loss),Non-Operating Income (Loss),"Interest Expense, Net","Pretax Income (Loss), Adj.",Abnormal Gains (Losses),Pretax Income (Loss),"Income Tax (Expense) Benefit, Net",Income (Loss) from Continuing Operations,Net Extraordinary Gains (Losses),Net Income,Net Income (Common),Ticker,Report_Date
543593,USD,2011,Q2,2011-08-08,2012-09-10,11914883.0,11994460.0,97583000.0,-93618000.0,3965000.0,-6870000.0,-6870000.0,,,-2905000.0,-54000.0,-54000.0,-2959000,975000.0,-1984000,2162000.0,178000,,184000,184000,RAIL,2011-06-30
543593,USD,2011,Q3,2011-11-02,2012-11-09,11919803.0,11919803.0,130103000.0,-120986000.0,9117000.0,-7306000.0,-7306000.0,,,1811000.0,-49000.0,-49000.0,1762000,0.0,1762000,-4211000.0,-2449000,,-2441000,-2441000,RAIL,2011-09-30
543593,USD,2011,Q4,2012-03-29,2014-03-14,11922465.0,12026504.0,187060000.0,-170438000.0,16622000.0,-8487000.0,-8487000.0,,,8135000.0,-54000.0,-60000.0,8081000,1252000.0,9333000,-851000.0,8482000,,8482000,8482000,RAIL,2011-12-31
543593,USD,2012,Q1,2012-05-10,2013-05-10,11924418.0,11979727.0,219066000.0,-195335000.0,23731000.0,-8693000.0,-8693000.0,,,15038000.0,-90000.0,-90000.0,14948000,948000.0,15896000,-6162000.0,9734000,,9734000,9734000,RAIL,2012-03-31
543593,USD,2012,Q2,2012-09-10,2013-08-09,11931565.0,11983901.0,181206000.0,-164163000.0,17043000.0,-7642000.0,-7642000.0,,,9401000.0,-96000.0,-96000.0,9305000,14000.0,9319000,-3756000.0,5563000,,5563000,5563000,RAIL,2012-06-30
543593,USD,2012,Q3,2012-11-09,2013-11-08,11936780.0,11943558.0,160598000.0,-144506000.0,16092000.0,-8230000.0,-8230000.0,,,7862000.0,-99000.0,-99000.0,7763000,14000.0,7777000,-3020000.0,4757000,,4757000,4757000,RAIL,2012-09-30
543593,USD,2012,Q4,2013-03-15,2015-03-13,11938941.0,11970282.0,116579000.0,-108459000.0,8120000.0,-8171000.0,-8171000.0,,,-51000.0,-88000.0,-99000.0,-139000,13000.0,-126000,-833000.0,-959000,,-959000,-959000,RAIL,2012-12-31
543593,USD,2013,Q1,2013-05-10,2014-05-09,11943423.0,11943423.0,87615000.0,-82646000.0,4969000.0,-4431000.0,-4431000.0,,,538000.0,-84000.0,-98000.0,454000,14000.0,468000,-3112000.0,-2644000,,-2644000,-2644000,RAIL,2013-03-31
543593,USD,2013,Q2,2013-08-09,2014-08-08,11950652.0,11950652.0,47109000.0,-44832000.0,2277000.0,-7849000.0,-7849000.0,,,-5572000.0,-115000.0,-145000.0,-5687000,13000.0,-5674000,2236000.0,-3438000,,-3438000,-3438000,RAIL,2013-06-30
543593,USD,2013,Q3,2013-11-08,2014-11-06,11957548.0,11957548.0,75946000.0,-69764000.0,6182000.0,-7691000.0,-7691000.0,,,-1509000.0,-223000.0,-238000.0,-1732000,563000.0,-1169000,243000.0,-926000,,-926000,-926000,RAIL,2013-09-30
543593,USD,2013,Q4,2014-03-14,2016-03-04,11965329.0,11965329.0,79723000.0,-79926000.0,-203000.0,-7493000.0,-7493000.0,,,-7696000.0,-323000.0,-328000.0,-8019000,-10438000.0,-18457000,6170000.0,-12287000,,-12287000,-12287000,RAIL,2013-12-31
543593,USD,2014,Q1,2014-05-09,2015-05-08,11989527.0,11989527.0,56086000.0,-59238000.0,-3152000.0,-8403000.0,-8403000.0,,,-11555000.0,-258000.0,-286000.0,-11813000,14000.0,-11799000,4850000.0,-6949000,,-6949000,-6949000,RAIL,2014-03-31
543593,USD,2014,Q2,2014-08-08,2015-08-06,11999750.0,12091052.0,139688000.0,-128634000.0,11054000.0,-8678000.0,-8678000.0,,,2376000.0,-271000.0,-284000.0,2105000,4000.0,2109000,-494000.0,1615000,,1615000,1615000,RAIL,2014-06-30
543593,USD,2014,Q3,2014-11-06,2015-11-03,12007970.0,12108397.0,190280000.0,-171461000.0,18819000.0,-9215000.0,-9215000.0,,,9604000.0,-277000.0,-284000.0,9327000,1713000.0,11040000,-4608000.0,6432000,,6432000,6432000,RAIL,2014-09-30
543593,USD,2014,Q4,2015-03-13,2017-03-03,12009101.0,12225104.0,212464000.0,-196842000.0,15622000.0,-9021000.0,-9021000.0,,,6601000.0,-229000.0,-223000.0,6372000,750000.0,7122000,-2316000.0,4806000,,4806000,4806000,RAIL,2014-12-31
543593,USD,2015,Q1,2015-05-08,2016-05-03,12020622.0,12020622.0,92804000.0,-88251000.0,4553000.0,-8843000.0,-8843000.0,,,-4290000.0,-18000.0,-70000.0,-4308000,1187000.0,-3121000,1048000.0,-2073000,,-2073000,-2073000,RAIL,2015-03-31
543593,USD,2015,Q2,2015-08-06,2016-08-02,12195683.0,12244468.0,235637000.0,-213831000.0,21806000.0,-10924000.0,-10924000.0,,,10882000.0,-27000.0,-58000.0,10855000,0.0,10855000,-3458000.0,7397000,,7397000,7397000,RAIL,2015-06-30
543593,USD,2015,Q3,2015-11-03,2016-11-01,12241211.0,12241426.0,241114000.0,-212064000.0,29050000.0,-10706000.0,-10706000.0,,,18344000.0,-48000.0,-56000.0,18296000,4578000.0,22874000,-8047000.0,14827000,,14827000,14827000,RAIL,2015-09-30
543593,USD,2015,Q4,2016-03-04,2018-03-09,12246304.0,12364504.0,203299000.0,-176047000.0,27252000.0,-11190000.0,-11190000.0,,,16062000.0,-34000.0,-59000.0,16028000,0.0,16028000,-4374000.0,11654000,,11654000,11654000,RAIL,2015-12-31
543593,USD,2016,Q1,2016-05-03,2017-05-04,12252131.0,12252131.0,148590000.0,-132703000.0,15887000.0,-10598000.0,-10598000.0,,,5289000.0,36000.0,-45000.0,5325000,14306000.0,19631000,-6964000.0,12667000,,12667000,12667000,RAIL,2016-03-31
543593,USD,2016,Q2,2016-08-02,2017-08-03,12261308.0,12261308.0,126157000.0,-118080000.0,8077000.0,-8678000.0,-8678000.0,,,-601000.0,-40000.0,-41000.0,-641000,,-641000,173000.0,-468000,,-468000,-468000,RAIL,2016-06-30
543593,USD,2016,Q3,2016-11-01,2017-11-02,12267468.0,12267468.0,113461000.0,-103972000.0,9489000.0,-8010000.0,-8010000.0,,,1479000.0,-16000.0,-29000.0,1463000,-1531000.0,-68000,119000.0,51000,,51000,51000,RAIL,2016-09-30
543593,USD,2016,Q4,2017-03-03,2018-03-09,12268193.0,12268193.0,135523000.0,-128797000.0,6726000.0,-9090000.0,-9090000.0,,,-2364000.0,-40000.0,-56000.0,-2404000,-730000.0,-3134000,3208000.0,74000,,74000,74000,RAIL,2016-12-31
543593,USD,2017,Q1,2017-05-04,2018-05-03,12269555.0,12269555.0,139536000.0,-129730000.0,9806000.0,-7030000.0,-7030000.0,,,2776000.0,-341000.0,-42000.0,2435000,-1357000.0,1078000,-440000.0,638000,,638000,638000,RAIL,2017-03-31
543593,USD,2017,Q2,2017-08-03,2018-08-02,12283746.0,12283746.0,118672000.0,-113428000.0,5244000.0,-5922000.0,-5922000.0,,,-678000.0,154000.0,-30000.0,-524000,-369000.0,-893000,445000.0,-448000,,-448000,-448000,RAIL,2017-06-30
543593,USD,2017,Q3,2017-11-02,2017-11-02,12293998.0,12293998.0,72025000.0,-79863000.0,-7838000.0,-10715000.0,-10715000.0,,,-18553000.0,205000.0,-27000.0,-18348000,-59000.0,-18407000,6793000.0,-11614000,,-11614000,-11614000,RAIL,2017-09-30
543593,USD,2017,Q4,2018-03-09,2018-03-09,12294965.0,12294965.0,79241000.0,-83122000.0,-3881000.0,-9244000.0,-9244000.0,,,-13125000.0,367000.0,-64000.0,-12758000,-427000.0,-13185000,2047000.0,-11138000,,-11138000,-11138000,RAIL,2017-12-31
543593,USD,2018,Q1,2018-05-03,2018-05-03,12306011.0,12306011.0,82973000.0,-83569000.0,-596000.0,-7996000.0,-7996000.0,,,-8592000.0,349000.0,-32000.0,-8243000,0.0,-8243000,1839000.0,-6404000,,-6404000,-6404000,RAIL,2018-03-31
543593,USD,2018,Q2,2018-08-02,2018-08-02,12317546.0,12317546.0,66743000.0,-61904000.0,4839000.0,-8385000.0,-8385000.0,,,-3546000.0,561000.0,-27000.0,-2985000,0.0,-2985000,649000.0,-2336000,,-2336000,-2336000,RAIL,2018-06-30
543593,USD,2018,Q3,2018-11-01,2018-11-01,12325718.0,12325718.0,78968000.0,-82806000.0,-3838000.0,-5448000.0,-5448000.0,,,-9286000.0,426000.0,-26000.0,-8860000,573000.0,-8287000,2115000.0,-6172000,,-6172000,-6172000,RAIL,2018-09-30
543593,USD,2018,Q4,2019-03-04,2019-03-04,12326169.0,12326169.0,87835000.0,-91867000.0,-4032000.0,-7222000.0,-7222000.0,,,-11254000.0,357000.0,-70000.0,-10897000,0.0,-10897000,-14772000.0,-25669000,,-25669000,-25669000,RAIL,2018-12-31
543593,USD,2019,Q1,2019-05-02,2019-05-02,12337013.0,12337013.0,70708000.0,-77557000.0,-6849000.0,-7667000.0,-7667000.0,,,-14516000.0,283000.0,-36000.0,-14233000,,-14233000,201000.0,-14032000,,-14032000,-14032000,RAIL,2019-03-31
543593,USD,2019,Q2,2019-08-01,2019-08-01,12352271.0,12352271.0,73661000.0,-67637000.0,6024000.0,-15352000.0,-15352000.0,,,-9328000.0,-32000.0,-115000.0,-9360000,-6515000.0,-15875000,-12000.0,-15887000,,-15887000,-15887000,RAIL,2019-06-30
543593,USD,2019,Q3,2019-10-31,2019-10-31,12359478.0,12359478.0,40651000.0,-46061000.0,-5410000.0,-7772000.0,-7772000.0,,,-13182000.0,140000.0,-223000.0,-13042000,-23074000.0,-36116000,387000.0,-35729000,,-35729000,-35729000,RAIL,2019-09-30
543593,USD,2019,Q4,2020-04-06,2020-04-06,12359806.0,12359806.0,44938000.0,-53003000.0,-8065000.0,-7511000.0,-7511000.0,,,-15576000.0,-142000.0,-235000.0,-15718000,6589000.0,-9129000,-461000.0,-9590000,,-9535000,-9535000,RAIL,2019-12-31
543593,USD,2020,Q1,2020-05-12,2021-05-17,12366880.0,12366880.0,5197000.0,-14000000.0,-8803000.0,-7410000.0,-7410000.0,,,-16213000.0,-72000.0,-296000.0,-16285000,-880000.0,-17165000,2000.0,-17163000,,-16947000,-16947000,RAIL,2020-03-31
