SimFinId,Currency,Fiscal Year,Fiscal Period,Publish Date,Restated Date,Shares (Basic),Shares (Diluted),Revenue,Cost of Revenue,Gross Profit,Operating Expenses,"Selling, General & Administrative",Research & Development,Depreciation & Amortization,Operating Income (Loss),Non-Operating Income (Loss),"Interest Expense, Net","Pretax Income (Loss), Adj.",Abnormal Gains (Losses),Pretax Income (Loss),"Income Tax (Expense) Benefit, Net",Income (Loss) from Continuing Operations,Net Extraordinary Gains (Losses),Net Income,Net Income (Common),Ticker,Report_Date
1050282,USD,2001,Q4,2002-02-22,2004-03-15,22037000.0,22176000.0,414074000.0,-348984000.0,65090000.0,-52861000.0,-50984000.0,,-1877000.0,12229000.0,-3301000.0,-3368000.0,8928000,,8928000,-3442000.0,5486000,646000.0,6132000,6132000,LAD,2001-12-31
1050282,USD,2002,Q1,2002-05-14,2003-05-15,22037000.0,22176000.0,524398000.0,-440751000.0,83647000.0,-69404000.0,-67736000.0,,-1668000.0,14243000.0,-3834000.0,-3929000.0,10409000,,10409000,-4018000.0,6391000,,6391000,6391000,LAD,2002-03-31
1050282,USD,2002,Q2,2002-08-14,2003-08-14,22037000.0,22176000.0,584318000.0,-491436000.0,92882000.0,-75435000.0,-73540000.0,,-1895000.0,17447000.0,-4523000.0,-4346000.0,12924000,,12924000,-4989000.0,7935000,,7935000,7935000,LAD,2002-06-30
1050282,USD,2002,Q3,2002-11-13,2003-11-13,22037000.0,22176000.0,687645000.0,-583039000.0,104606000.0,-82253000.0,-80209000.0,,-2044000.0,22353000.0,-4776000.0,-4524000.0,17577000,,17577000,-6848000.0,10729000,,10729000,10729000,LAD,2002-09-30
1050282,USD,2002,Q4,2003-03-31,2005-03-15,22037000.0,22176000.0,475035000.0,-398478000.0,76557000.0,-60410000.0,-58825000.0,,-1585000.0,16147000.0,-4216000.0,-3961000.0,11931000,,11931000,-4625000.0,7306000,-45000.0,7261000,7261000,LAD,2002-12-31
1050282,USD,2003,Q1,2003-05-15,2004-05-10,22037000.0,22176000.0,559560000.0,-471073000.0,88487000.0,-76360000.0,-74229000.0,,-2131000.0,12127000.0,-5081000.0,-4934000.0,7046000,,7046000,-2731000.0,4315000,-150000.0,4165000,4165000,LAD,2003-03-31
1050282,USD,2003,Q2,2003-08-14,2004-08-06,22037000.0,22176000.0,640312000.0,-538573000.0,101739000.0,-81839000.0,-79585000.0,,-2254000.0,19900000.0,-5491000.0,-5236000.0,14409000,,14409000,-5808000.0,8601000,-82000.0,8519000,8519000,LAD,2003-06-30
1050282,USD,2003,Q3,2003-11-13,2004-11-09,22037000.0,22176000.0,701440000.0,-588636000.0,112804000.0,-86408000.0,-83904000.0,,-2504000.0,26396000.0,-5063000.0,-4820000.0,21333000,,21333000,-8491000.0,12842000,39000.0,12881000,12881000,LAD,2003-09-30
1050282,USD,2003,Q4,2004-03-15,2006-03-08,22037000.0,22176000.0,561278000.0,-469318000.0,91960000.0,-72212000.0,-69626000.0,,-2586000.0,19748000.0,-3040000.0,-4780000.0,16708000,,16708000,-6649000.0,10059000,-77000.0,9982000,9982000,LAD,2003-12-31
1050282,USD,2004,Q1,2004-05-10,2005-05-10,22037000.0,22176000.0,632790000.0,-527302000.0,105488000.0,-87753000.0,-84853000.0,,-2900000.0,17735000.0,-5095000.0,-5316000.0,12640000,,12640000,-4930000.0,7710000,-231000.0,7479000,7479000,LAD,2004-03-31
1050282,USD,2004,Q2,2004-08-06,2005-08-09,22037000.0,22176000.0,677004000.0,-561794000.0,115210000.0,-91459000.0,-88409000.0,,-3050000.0,23751000.0,-5960000.0,-6241000.0,17791000,,17791000,-6938000.0,10853000,-13000.0,10840000,10840000,LAD,2004-06-30
1050282,USD,2004,Q3,2004-11-09,2005-11-09,22037000.0,22176000.0,751027000.0,-627242000.0,123785000.0,-93468000.0,-90260000.0,,-3208000.0,30317000.0,-6574000.0,-6777000.0,23743000,,23743000,-9260000.0,14483000,-13000.0,14470000,14470000,LAD,2004-09-30
1050282,USD,2004,Q4,2005-03-15,2007-03-09,22037000.0,22176000.0,537465000.0,-447247000.0,90218000.0,-65979000.0,-62646000.0,,-3333000.0,24239000.0,-2520000.0,-2554000.0,21719000,,21719000,-8269000.0,13450000,-627000.0,12823000,12823000,LAD,2004-12-31
1050282,USD,2005,Q1,2005-05-10,2006-05-10,22037000.0,22176000.0,658926000.0,-541694000.0,117232000.0,-92520000.0,-89132000.0,,-3388000.0,24712000.0,-7622000.0,-7907000.0,17090000,,17090000,-6614000.0,10476000,-486000.0,9990000,9990000,LAD,2005-03-31
1050282,USD,2005,Q2,2005-08-09,2006-08-09,22037000.0,22176000.0,750829000.0,-623584000.0,127245000.0,-96729000.0,-93323000.0,,-3406000.0,30516000.0,-8789000.0,-9036000.0,21727000,,21727000,-8622000.0,13105000,-430000.0,12675000,12675000,LAD,2005-06-30
1050282,USD,2005,Q3,2005-11-09,2006-11-14,22037000.0,22176000.0,858855000.0,-716096000.0,142759000.0,-102212000.0,-98588000.0,,-3624000.0,40547000.0,-6255000.0,-6442000.0,34292000,,34292000,-14010000.0,20282000,-484000.0,19798000,19798000,LAD,2005-09-30
1050282,USD,2005,Q4,2006-03-20,2008-04-11,22037000.0,22176000.0,453086000.0,-364023000.0,89063000.0,-67740000.0,-64727000.0,,-3013000.0,21323000.0,-3814000.0,-4083000.0,17509000,,17509000,-5979000.0,11530000,-366000.0,11164000,11164000,LAD,2005-12-31
1050282,USD,2006,Q1,2006-06-18,2007-05-08,22037000.0,22176000.0,736371000.0,-608593000.0,127778000.0,-101547000.0,-97564000.0,,-3983000.0,26231000.0,-8326000.0,-8704000.0,17905000,,17905000,-6969000.0,10936000,-1568000.0,9368000,9368000,LAD,2006-03-31
1050282,USD,2006,Q2,2006-09-17,2007-08-09,22037000.0,22176000.0,801204000.0,-664909000.0,136295000.0,-104489000.0,-100482000.0,,-4007000.0,31806000.0,-10851000.0,-11112000.0,20955000,,20955000,-8834000.0,12121000,-230000.0,11891000,11891000,LAD,2006-06-30
1050282,USD,2006,Q3,2006-12-18,2007-11-07,22037000.0,22176000.0,834417000.0,-695657000.0,138760000.0,-106429000.0,-102225000.0,,-4204000.0,32331000.0,-15712000.0,-15840000.0,16619000,,16619000,-5933000.0,10686000,-170000.0,10516000,10516000,LAD,2006-09-30
1050282,USD,2006,Q4,2007-03-09,2009-03-16,22037000.0,22176000.0,101843000.0,-78911000.0,22932000.0,-20772000.0,-19583000.0,,-1189000.0,2160000.0,-1550000.0,-1581000.0,610000,,610000,139000.0,749000,4780000.0,5529000,5529000,LAD,2006-12-31
1050282,USD,2007,Q1,2007-05-08,2008-05-12,22037000.0,22176000.0,774517000.0,-638653000.0,135864000.0,-112193000.0,-107430000.0,,-4763000.0,23671000.0,-11770000.0,-11982000.0,11901000,,11901000,-4676000.0,7225000,-150000.0,7075000,7075000,LAD,2007-03-31
1050282,USD,2007,Q2,2007-08-09,2008-08-18,22037000.0,22176000.0,823450000.0,-685126000.0,138324000.0,-108452000.0,-103668000.0,,-4784000.0,29872000.0,-12412000.0,-12523000.0,17460000,,17460000,-6937000.0,10523000,-2580000.0,7943000,7943000,LAD,2007-06-30
1050282,USD,2007,Q3,2007-11-07,2008-11-07,22037000.0,22176000.0,700092000.0,-580994000.0,119098000.0,-91997000.0,-87726000.0,,-4271000.0,27101000.0,-10246000.0,-10354000.0,16855000,,16855000,-6827000.0,10028000,1209000.0,11237000,11237000,LAD,2007-09-30
1050282,USD,2007,Q4,2008-04-11,2010-03-03,22037000.0,22176000.0,287041000.0,-244510000.0,42531000.0,-45249000.0,-42582000.0,,-2667000.0,-2718000.0,-5648000.0,-5829000.0,-8366000,-1215000.0,-9581000,3575000.0,-6006000,1300000.0,-4706000,-4706000,LAD,2007-12-31
1050282,USD,2008,Q1,2008-05-12,2009-05-11,22037000.0,22176000.0,567144000.0,-470205000.0,96939000.0,-87115000.0,-82577000.0,,-4538000.0,9824000.0,-9448000.0,-9511000.0,376000,,376000,-154000.0,222000,-2383000.0,-2161000,-2161000,LAD,2008-03-31
1050282,USD,2008,Q2,2008-08-18,2009-08-05,22037000.0,22176000.0,531653000.0,-442245000.0,89408000.0,-81153000.0,-76892000.0,,-4261000.0,8255000.0,-7933000.0,-9001000.0,322000,-294075000.0,-293753000,92545000.0,-201208000,-42576000.0,-243784000,-243784000,LAD,2008-06-30
1050282,USD,2008,Q3,2008-11-07,2009-10-30,22037000.0,22176000.0,506873000.0,-421834000.0,85039000.0,-74152000.0,-70079000.0,,-4073000.0,10887000.0,-6489000.0,-8370000.0,4398000,,4398000,-1911000.0,2487000,-4850000.0,-2363000,-2363000,LAD,2008-09-30
1050282,USD,2008,Q4,2009-03-16,2011-03-07,22037000.0,22176000.0,513907000.0,-419310000.0,94597000.0,-90151000.0,-85964000.0,,-4187000.0,4446000.0,-8387000.0,-12001000.0,-3941000,-40090000.0,-44031000,17398000.0,-26633000,22355000.0,-4278000,-4278000,LAD,2008-12-31
1050282,USD,2009,Q1,2009-05-11,2010-04-30,22037000.0,22176000.0,408645000.0,-328683000.0,79962000.0,-73946000.0,-69832000.0,,-4114000.0,6016000.0,-5751000.0,-6916000.0,265000,-1653000.0,-1388000,615000.0,-773000,2102000.0,1329000,1329000,LAD,2009-03-31
1050282,USD,2009,Q2,2009-08-05,2010-08-05,22037000.0,22176000.0,443561000.0,-357272000.0,86289000.0,-72823000.0,-68854000.0,,-3969000.0,13466000.0,-5773000.0,-6031000.0,7693000,-3520000.0,4173000,-1634000.0,2539000,1124000.0,3663000,3663000,LAD,2009-06-30
1050282,USD,2009,Q3,2009-10-30,2010-10-29,22037000.0,22176000.0,507986000.0,-412493000.0,95493000.0,-75440000.0,-71557000.0,,-3883000.0,20053000.0,-6319000.0,-6344000.0,13734000,-1967000.0,11767000,-4792000.0,6975000,-1262000.0,5713000,5713000,LAD,2009-09-30
1050282,USD,2009,Q4,2010-03-03,2012-02-24,22037000.0,22176000.0,368437000.0,-303128000.0,65309000.0,-61965000.0,-56145000.0,,-5820000.0,3344000.0,-5300000.0,-5338000.0,-1956000,-832000.0,-2788000,769000.0,-2019000,465000.0,-1554000,-1554000,LAD,2009-12-31
1050282,USD,2010,Q1,2010-04-30,2011-04-29,25896000.0,25896000.0,459219000.0,-373314000.0,85905000.0,-75788000.0,-71039000.0,,-4749000.0,10117000.0,-6271000.0,-6339000.0,3846000,-1491000.0,2355000,-912000.0,1443000,-176000.0,1267000,1267000,LAD,2010-03-31
1050282,USD,2010,Q2,2010-08-05,2011-07-29,26014000.0,26014000.0,530152000.0,-435190000.0,94962000.0,-78547000.0,-74155000.0,,-4392000.0,16415000.0,-5850000.0,-6064000.0,10565000,-13260000.0,-2695000,1132000.0,-1563000,-156000.0,-1719000,-1719000,LAD,2010-06-30
1050282,USD,2010,Q3,2010-10-29,2011-10-28,26120000.0,26328000.0,572997000.0,-469808000.0,103189000.0,-80393000.0,-76211000.0,,-4182000.0,22796000.0,-6692000.0,-6765000.0,16104000,,16104000,-6545000.0,9559000,233000.0,9792000,9792000,LAD,2010-09-30
1050282,USD,2010,Q4,2011-03-07,2013-02-22,26215000.0,26543000.0,474254000.0,-395364000.0,78890000.0,-66447000.0,-62758000.0,,-3689000.0,12443000.0,-5445000.0,-5510000.0,6998000,-550000.0,6448000,-2300000.0,4148000,231000.0,4379000,4379000,LAD,2010-12-31
1050282,USD,2011,Q1,2011-04-29,2012-04-27,26341000.0,26694000.0,582857000.0,-481261000.0,101596000.0,-81226000.0,-77134000.0,,-4092000.0,20370000.0,-5677000.0,-5754000.0,14693000,-382000.0,14311000,-5923000.0,8388000,317000.0,8705000,8705000,LAD,2011-03-31
1050282,USD,2011,Q2,2011-07-29,2012-07-27,26437000.0,26860000.0,672487000.0,-555350000.0,117137000.0,-86985000.0,-82768000.0,,-4217000.0,30152000.0,-6199000.0,-6370000.0,23953000,-490000.0,23463000,-8777000.0,14686000,140000.0,14826000,14826000,LAD,2011-06-30
1050282,USD,2011,Q3,2011-10-28,2012-10-26,26189000.0,26654000.0,715215000.0,-594980000.0,120235000.0,-88489000.0,-84360000.0,,-4129000.0,31746000.0,-4831000.0,-5044000.0,26915000,,26915000,-10594000.0,16321000,242000.0,16563000,16563000,LAD,2011-09-30
1050282,USD,2011,Q4,2012-02-24,2014-02-21,25953000.0,26448000.0,662187000.0,-555871000.0,106316000.0,-76390000.0,-72401000.0,,-3989000.0,29926000.0,-5841000.0,-6074000.0,24085000,-504000.0,23581000,-7766000.0,15815000,2951000.0,18766000,18766000,LAD,2011-12-31
1050282,USD,2012,Q1,2012-04-27,2013-04-26,25986000.0,26478000.0,738246000.0,-613912000.0,124334000.0,-92577000.0,-88439000.0,,-4138000.0,31757000.0,-5131000.0,-5629000.0,26626000,-115000.0,26511000,-9877000.0,16634000,162000.0,16796000,16796000,LAD,2012-03-31
1050282,USD,2012,Q2,2012-07-27,2013-07-26,25730000.0,26185000.0,822342000.0,-688246000.0,134096000.0,-97188000.0,-92990000.0,,-4198000.0,36908000.0,-4765000.0,-5584000.0,32143000,,32143000,-12138000.0,20005000,486000.0,20491000,20491000,LAD,2012-06-30
1050282,USD,2012,Q3,2012-10-26,2013-10-25,25469000.0,25947000.0,878526000.0,-736016000.0,142510000.0,-99483000.0,-95132000.0,,-4351000.0,43027000.0,-5042000.0,-5495000.0,37985000,,37985000,-14893000.0,23092000,151000.0,23243000,23243000,LAD,2012-09-30
1050282,USD,2012,Q4,2013-02-22,2015-03-02,25599000.0,26070000.0,877373000.0,-739013000.0,138360000.0,-101568000.0,-97127000.0,,-4441000.0,36792000.0,-4974000.0,-5729000.0,31818000,0.0,31818000,-12154000.0,19664000,168000.0,19832000,19832000,LAD,2012-12-31
1050282,USD,2013,Q1,2013-04-26,2014-04-28,25626000.0,26054000.0,903080000.0,-756642000.0,146438000.0,-105852000.0,-101131000.0,,-4721000.0,40586000.0,-5009000.0,-5810000.0,35577000,,35577000,-13695000.0,21882000,173000.0,22055000,22055000,LAD,2013-03-31
1050282,USD,2013,Q2,2013-07-26,2014-08-08,25782000.0,26134000.0,1008505000.0,-848672000.0,159833000.0,-114182000.0,-109283000.0,,-4899000.0,45651000.0,-4393000.0,-4977000.0,41258000,,41258000,-15977000.0,25281000,274000.0,25555000,25555000,LAD,2013-06-30
1050282,USD,2013,Q3,2013-10-25,2014-10-31,25866000.0,26237000.0,1069290000.0,-903901000.0,165389000.0,-113669000.0,-108570000.0,,-5099000.0,51720000.0,-4007000.0,-4842000.0,47713000,,47713000,-16822000.0,30891000,127000.0,31018000,31018000,LAD,2013-09-30
1050282,USD,2013,Q4,2014-02-21,2016-02-26,25946000.0,26339000.0,1024874000.0,-865581000.0,159293000.0,-113732000.0,-108416000.0,,-5316000.0,45561000.0,-4321000.0,-5094000.0,41240000,,41240000,-14080000.0,27160000,212000.0,27372000,27372000,LAD,2013-12-31
1050282,USD,2014,Q1,2014-04-28,2015-05-01,25973000.0,26320000.0,1078106000.0,-906045000.0,172061000.0,-127336000.0,-121829000.0,,-5507000.0,44725000.0,-4021000.0,-4958000.0,40704000,,40704000,-16010000.0,24694000,40000.0,24734000,24734000,LAD,2014-03-31
1050282,USD,2014,Q2,2014-08-08,2015-07-31,26119000.0,26331000.0,1221802000.0,-1029502000.0,192300000.0,-131288000.0,-125463000.0,,-5825000.0,61012000.0,-3938000.0,-5084000.0,57074000,,57074000,-21904000.0,35170000,3139000.0,38309000,38309000,LAD,2014-06-30
1050282,USD,2014,Q3,2014-10-31,2015-11-02,26118000.0,26359000.0,1297111000.0,-1099271000.0,197840000.0,-137694000.0,-131627000.0,,-6067000.0,60146000.0,-4151000.0,-5178000.0,55995000,,55995000,-21458000.0,34537000,,34537000,34537000,LAD,2014-09-30
1050282,USD,2014,Q4,2015-03-02,2017-02-28,26274000.0,26518000.0,1793307000.0,-1532186000.0,261121000.0,-193252000.0,-184288000.0,,-8964000.0,67869000.0,-9294000.0,-9383000.0,58575000,-1853000.0,56722000,-15583000.0,41139000,1000.0,41140000,41140000,LAD,2014-12-31
1050282,USD,2015,Q1,2015-05-01,2016-04-29,26283000.0,26519000.0,1789178000.0,-1515803000.0,273375000.0,-201344000.0,-191618000.0,,-9726000.0,72031000.0,-9845000.0,-9477000.0,62186000,-4130000.0,58056000,-17403000.0,40653000,,40653000,40653000,LAD,2015-03-31
1050282,USD,2015,Q2,2015-07-31,2016-07-29,26332000.0,26496000.0,1996947000.0,-1699298000.0,297649000.0,-205897000.0,-195610000.0,,-10287000.0,91752000.0,-9983000.0,-9627000.0,81769000,-6130000.0,75639000,-24416000.0,51223000,,51223000,51223000,LAD,2015-06-30
1050282,USD,2015,Q3,2015-11-02,2016-10-28,26289000.0,26480000.0,2084845000.0,-1773658000.0,311187000.0,-234259000.0,-223728000.0,,-10531000.0,76928000.0,-10158000.0,-9851000.0,66770000,-4131000.0,62639000,-19248000.0,43391000,,43391000,43391000,LAD,2015-09-30
1050282,USD,2015,Q4,2016-02-26,2018-02-23,26256000.0,26465000.0,1993282000.0,-1699859000.0,293423000.0,-211275000.0,-200219000.0,,-11056000.0,82148000.0,-10045000.0,-10070000.0,72103000,-5733000.0,66370000,-18638000.0,47732000,,47732000,47732000,LAD,2015-12-31
1050282,USD,2016,Q1,2016-04-29,2017-04-28,25816000.0,25973000.0,1982861000.0,-1675679000.0,307182000.0,-230769000.0,-219106000.0,,-11663000.0,76413000.0,-12894000.0,-11368000.0,63519000,-3498000.0,60021000,-19751000.0,40270000,,40270000,40270000,LAD,2016-03-31
1050282,USD,2016,Q2,2016-07-29,2017-08-02,25462000.0,25534000.0,2133339000.0,-1811303000.0,322036000.0,-228029000.0,-215526000.0,,-12503000.0,94007000.0,-13206000.0,-11711000.0,80801000,-3498000.0,77303000,-25875000.0,51428000,,51428000,51428000,LAD,2016-06-30
1050282,USD,2016,Q3,2016-10-31,2017-11-07,25194000.0,25290000.0,2269967000.0,-1932706000.0,337261000.0,-240340000.0,-228134000.0,,-12206000.0,96921000.0,-13346000.0,-11833000.0,83575000,-3498000.0,80077000,-26036000.0,54041000,,54041000,54041000,LAD,2016-09-30
1050282,USD,2016,Q4,2017-02-28,2019-02-25,25128000.0,25203000.0,2292033000.0,-1957212000.0,334821000.0,-249762000.0,-236834000.0,,-12928000.0,85059000.0,-15454000.0,-13888000.0,69605000,-3506000.0,66099000,-14738000.0,51361000,,51361000,51361000,LAD,2016-12-31
1050282,USD,2017,Q1,2017-04-28,2018-04-27,25180000.0,25250000.0,2236101000.0,-1894449000.0,341652000.0,-255511000.0,-242772000.0,,-12739000.0,86141000.0,-4878000.0,-14723000.0,81263000,,81263000,-30536000.0,50727000,,50727000,50727000,LAD,2017-03-31
1050282,USD,2017,Q2,2017-08-02,2018-07-27,25053000.0,25106000.0,2467036000.0,-2091765000.0,375271000.0,-271321000.0,-257290000.0,,-14031000.0,103950000.0,-16114000.0,-16501000.0,87836000,,87836000,-34636000.0,53200000,,53200000,53200000,LAD,2017-06-30
1050282,USD,2017,Q3,2017-11-07,2018-10-26,25008000.0,25076000.0,2680342000.0,-2277321000.0,403021000.0,-297069000.0,-282241000.0,,-14828000.0,105952000.0,-19409000.0,-20534000.0,86543000,,86543000,-34657000.0,51886000,,51886000,51886000,LAD,2017-09-30
1050282,USD,2017,Q4,2018-02-23,2020-02-21,25019000.0,25148000.0,2703021000.0,-2306865000.0,396156000.0,-283199000.0,-267097000.0,,-16102000.0,112957000.0,-21499000.0,-22342000.0,91458000,,91458000,-2071000.0,89387000,,89387000,89387000,LAD,2017-12-31
1050282,USD,2018,Q1,2018-04-27,2019-04-26,25050000.0,25158000.0,2659700000.0,-2251600000.0,408100000.0,-314300000.0,-297500000.0,,-16800000.0,93800000.0,-24000000.0,-25300000.0,69800000,,69800000,-17700000.0,52100000,,52100000,52100000,LAD,2018-03-31
1050282,USD,2018,Q2,2018-07-27,2019-07-26,24800000.0,24900000.0,3096500000.0,-2635800000.0,460700000.0,-352100000.0,-333300000.0,,-18800000.0,108600000.0,-27800000.0,-29400000.0,80800000,,80800000,-20100000.0,60700000,,60700000,60700000,LAD,2018-06-30
1050282,USD,2018,Q3,2018-10-26,2019-10-25,24200000.0,24300000.0,3092000000.0,-2625800000.0,466200000.0,-328600000.0,-309000000.0,,-19600000.0,137600000.0,-28600000.0,-31000000.0,109000000,,109000000,-15900000.0,93100000,,93100000,93100000,LAD,2018-09-30
1050282,USD,2018,Q4,2019-02-25,2021-02-19,23550000.0,23642000.0,2973200000.0,-2531200000.0,442000000.0,-333700000.0,-313500000.0,,-20200000.0,108300000.0,-29100000.0,-32600000.0,79200000,-1300000.0,77900000,-18100000.0,59800000,,59800000,59800000,LAD,2018-12-31
1050282,USD,2019,Q1,2019-04-26,2020-04-24,23200000.0,23200000.0,2849700000.0,-2399000000.0,450700000.0,-341600000.0,-321800000.0,,-19800000.0,109100000.0,-30800000.0,-33400000.0,78300000,-500000.0,77800000,-21400000.0,56400000,,56400000,56400000,LAD,2019-03-31
1050282,USD,2019,Q2,2019-07-26,2020-07-24,23400000.0,23500000.0,3221700000.0,-2728100000.0,493600000.0,-376700000.0,-356500000.0,,-20200000.0,116900000.0,-31400000.0,-34400000.0,85500000,,85500000,-23600000.0,61900000,,61900000,61900000,LAD,2019-06-30
1050282,USD,2019,Q3,2019-10-25,2020-10-23,23200000.0,23400000.0,3332400000.0,-2821500000.0,510900000.0,-364100000.0,-343200000.0,,-20900000.0,146800000.0,-29400000.0,-32700000.0,117400000,,117400000,-32200000.0,85200000,,85200000,85200000,LAD,2019-09-30
1050282,USD,2019,Q4,2020-02-28,2021-02-19,23000000.0,23500000.0,3268900000.0,-2770300000.0,498600000.0,-373800000.0,-352300000.0,,-21500000.0,124800000.0,-28000000.0,-32900000.0,96800000,-2100000.0,94700000,-26700000.0,68000000,,68000000,68000000,LAD,2019-12-31
1050282,USD,2020,Q1,2020-04-24,2021-04-29,23300000.0,23500000.0,2803800000.0,-2342900000.0,460900000.0,-368000000.0,-346000000.0,,-22000000.0,92900000.0,-28700000.0,-31000000.0,64200000,,64200000,-18000000.0,46200000,,46200000,46200000,LAD,2020-03-31
