SimFinId,Currency,Fiscal Year,Fiscal Period,Publish Date,Restated Date,Shares (Basic),Shares (Diluted),Revenue,Cost of Revenue,Gross Profit,Operating Expenses,"Selling, General & Administrative",Research & Development,Depreciation & Amortization,Operating Income (Loss),Non-Operating Income (Loss),"Interest Expense, Net","Pretax Income (Loss), Adj.",Abnormal Gains (Losses),Pretax Income (Loss),"Income Tax (Expense) Benefit, Net",Income (Loss) from Continuing Operations,Net Extraordinary Gains (Losses),Net Income,Net Income (Common),Ticker,Report_Date
244314,USD,2009,Q2,2009-08-03,2010-08-02,10609000000.0,10609000000.0,39108000000.0,-18804000000.0,20304000000.0,-8933000000.0,,,,11371000000.0,-5432000000.0,-4653000000.0,5939000000,-2817000000.0,3122000000,-227000000.0,2895000000,-194000000.0,2689000000,2614000000,GE,2009-06-30
244314,USD,2009,Q3,2009-11-06,2010-11-03,10638000000.0,10638000000.0,37799000000.0,-18548000000.0,19251000000.0,-9354000000.0,,,,9897000000.0,-5054000000.0,-4322000000.0,4843000000,-2868000000.0,1975000000,484000000.0,2459000000,40000000.0,2494000000,2419000000,GE,2009-09-30
244314,USD,2009,Q4,2010-02-19,2012-02-24,10653000000.0,10657000000.0,39093000000.0,-20503000000.0,18590000000.0,-9730000000.0,,,,8860000000.0,-4155000000.0,-3395000000.0,4705000000,-2564000000.0,2141000000,576000000.0,2717000000,394000000.0,3013000000,2938000000,GE,2009-12-31
244314,USD,2010,Q1,2010-05-07,2011-05-06,10671000000.0,10687000000.0,36204000000.0,-17512000000.0,18692000000.0,-8928000000.0,,,,9764000000.0,-4770000000.0,-4023000000.0,4994000000,-2187000000.0,2807000000,-443000000.0,2364000000,-366000000.0,1945000000,1870000000,GE,2010-03-31
244314,USD,2010,Q2,2010-08-02,2011-07-29,10685000000.0,10702000000.0,36928000000.0,-17195000000.0,19733000000.0,-8886000000.0,,,,10847000000.0,-4668000000.0,-3946000000.0,6179000000,-2007000000.0,4172000000,-866000000.0,3306000000,-101000000.0,3109000000,3034000000,GE,2010-06-30
244314,USD,2010,Q3,2010-11-03,2011-11-08,10674000000.0,10691000000.0,35373000000.0,-16627000000.0,18746000000.0,-8963000000.0,,,,9783000000.0,-4563000000.0,-3822000000.0,5220000000,-1637000000.0,3583000000,-319000000.0,3264000000,-1052000000.0,2055000000,1980000000,GE,2010-09-30
244314,USD,2010,Q4,2011-02-25,2013-02-26,10614000000.0,10632000000.0,41062000000.0,-20379000000.0,20683000000.0,-11256000000.0,,,,9427000000.0,-4548000000.0,-3746000000.0,4879000000,-1254000000.0,3625000000,589000000.0,4214000000,550000000.0,4535000000,4460000000,GE,2010-12-31
244314,USD,2011,Q1,2011-05-06,2012-05-04,10611000000.0,10641000000.0,38329000000.0,-16716000000.0,21613000000.0,-8507000000.0,,,,13106000000.0,-4532000000.0,-3796000000.0,8574000000,-1140000000.0,7434000000,-3942000000.0,3492000000,35000000.0,3433000000,3358000000,GE,2011-03-31
244314,USD,2011,Q2,2011-07-29,2012-07-30,10604000000.0,10639000000.0,35623000000.0,-17417000000.0,18206000000.0,-8362000000.0,,,,9844000000.0,-4516000000.0,-3770000000.0,5328000000,-792000000.0,4536000000,-892000000.0,3644000000,194000000.0,3764000000,3689000000,GE,2011-06-30
244314,USD,2011,Q3,2011-11-08,2012-11-07,10580000000.0,10607000000.0,35364000000.0,-16759000000.0,18605000000.0,-9427000000.0,,,,9178000000.0,-4450000000.0,-3731000000.0,4728000000,-961000000.0,3767000000,-437000000.0,3330000000,-65000000.0,3224000000,2343000000,GE,2011-09-30
244314,USD,2011,Q4,2012-02-24,2014-02-27,10569000000.0,10593000000.0,37226000000.0,-17386000000.0,19840000000.0,-10545000000.0,,,,9295000000.0,-3836000000.0,-3125000000.0,5459000000,-1037000000.0,4422000000,-474000000.0,3948000000,-135000000.0,3730000000,3730000000,GE,2011-12-31
244314,USD,2012,Q1,2012-05-23,2013-05-08,10581000000.0,10611000000.0,35080000000.0,-17869000000.0,17211000000.0,-8330000000.0,,,,8881000000.0,-4084000000.0,-3347000000.0,4797000000,-863000000.0,3934000000,-665000000.0,3269000000,-197000000.0,3034000000,3034000000,GE,2012-03-31
244314,USD,2012,Q2,2012-07-30,2013-07-26,10574000000.0,10611000000.0,36397000000.0,-19199000000.0,17198000000.0,-8404000000.0,,,,8794000000.0,-3864000000.0,-3202000000.0,4930000000,-743000000.0,4187000000,-496000000.0,3691000000,-553000000.0,3105000000,3105000000,GE,2012-06-30
244314,USD,2012,Q3,2012-11-07,2013-11-01,10523000000.0,10568000000.0,36254000000.0,-18509000000.0,17745000000.0,-8871000000.0,,,,8874000000.0,-3728000000.0,-2972000000.0,5146000000,-1122000000.0,4024000000,-557000000.0,3467000000,41000000.0,3491000000,3491000000,GE,2012-09-30
244314,USD,2012,Q4,2013-02-26,2015-02-27,10414000000.0,10466000000.0,38953000000.0,-18733000000.0,20220000000.0,-10292000000.0,,,,9928000000.0,-3588000000.0,-2886000000.0,6340000000,-1104000000.0,5236000000,-816000000.0,4420000000,-274000000.0,4011000000,4011000000,GE,2012-12-31
244314,USD,2013,Q1,2013-05-08,2014-05-12,10374000000.0,10433000000.0,34943000000.0,-17315000000.0,17628000000.0,-8766000000.0,,,,8862000000.0,-3266000000.0,-2603000000.0,5596000000,-1457000000.0,4139000000,-508000000.0,3631000000,-120000000.0,3527000000,3527000000,GE,2013-03-31
244314,USD,2013,Q2,2013-07-26,2014-07-31,10263000000.0,10328000000.0,35059000000.0,-18491000000.0,16568000000.0,-8538000000.0,,,,8030000000.0,-3287000000.0,-2600000000.0,4743000000,-1010000000.0,3733000000,-310000000.0,3423000000,-124000000.0,3133000000,3133000000,GE,2013-06-30
244314,USD,2013,Q3,2013-11-01,2014-11-04,10151000000.0,10223000000.0,35661000000.0,-19455000000.0,16206000000.0,-8680000000.0,,,,7526000000.0,-3117000000.0,-2445000000.0,4409000000,-789000000.0,3620000000,-348000000.0,3272000000,-91000000.0,3191000000,3191000000,GE,2013-09-30
244314,USD,2013,Q4,2014-02-27,2016-02-26,10100000000.0,10172000000.0,7582000000.0,-24580000000.0,-16998000000.0,7211000000.0,-17945000000.0,,,-9787000000.0,4139000000.0,4778000000.0,-5648000000,3256000000.0,-2392000000,-53000000.0,-2445000000,5810000000.0,3207000000,3207000000,GE,2013-12-31
244314,USD,2014,Q1,2014-05-12,2015-05-04,10045000000.0,10123000000.0,33548000000.0,-18522000000.0,15026000000.0,-7962000000.0,,,,7064000000.0,-2761000000.0,-2141000000.0,4303000000,-984000000.0,3319000000,-619000000.0,2700000000,252000000.0,2999000000,2999000000,GE,2014-03-31
244314,USD,2014,Q2,2014-07-31,2015-07-30,10031000000.0,10110000000.0,32260000000.0,-20006000000.0,12254000000.0,-6273000000.0,,,,5981000000.0,-1957000000.0,-1299000000.0,4024000000,-948000000.0,3076000000,-192000000.0,2884000000,661000000.0,3545000000,3545000000,GE,2014-06-30
244314,USD,2014,Q3,2014-11-04,2015-11-02,10039000000.0,10119000000.0,32107000000.0,-19740000000.0,12367000000.0,-6318000000.0,,,,6049000000.0,-1987000000.0,-1325000000.0,4062000000,-858000000.0,3204000000,-401000000.0,2803000000,706000000.0,3537000000,3537000000,GE,2014-09-30
244314,USD,2014,Q4,2015-02-27,2017-02-24,10065000000.0,10140000000.0,19269000000.0,-25436000000.0,-6167000000.0,2590000000.0,-16848000000.0,,,-3577000000.0,1452000000.0,2042000000.0,-2125000000,2790000000.0,665000000,439000000.0,1104000000,4236000000.0,5153000000,5153000000,GE,2014-12-31
244314,USD,2015,Q1,2015-05-15,2016-05-04,10067000000.0,10067000000.0,26239000000.0,-18682000000.0,7557000000.0,-4706000000.0,-4415000000.0,,,2851000000.0,-1231000000.0,-618000000.0,1620000000,,1620000000,-6294000000.0,-4674000000,-8936000000.0,-13575000000,-13575000000,GE,2015-03-31
244314,USD,2015,Q2,2015-07-30,2016-08-01,10087000000.0,10158000000.0,29226000000.0,-20572000000.0,8654000000.0,-4672000000.0,-4385000000.0,,,3982000000.0,-1370000000.0,-713000000.0,2612000000,,2612000000,-799000000.0,1813000000,-2947000000.0,-1359000000,-1359000000,GE,2015-06-30
244314,USD,2015,Q3,2015-11-02,2016-11-09,10103000000.0,10173000000.0,28028000000.0,-19855000000.0,8173000000.0,-4553000000.0,-4258000000.0,,,3620000000.0,-1570000000.0,-897000000.0,2050000000,,2050000000,-135000000.0,1915000000,629000000.0,2505000000,2505000000,GE,2015-09-30
244314,USD,2015,Q4,2016-02-26,2017-02-24,9519000000.0,9666000000.0,33893000000.0,-23584000000.0,10309000000.0,-6508000000.0,-4773000000.0,,,3801000000.0,-1897000000.0,-1235000000.0,1904000000,,1904000000,743000000.0,2647000000,3759000000.0,6303000000,6285000000,GE,2015-12-31
244314,USD,2016,Q1,2016-05-04,2017-05-05,9288000000.0,9383000000.0,27845000000.0,-20361000000.0,7484000000.0,-4867000000.0,-4608000000.0,,,2617000000.0,-2378000000.0,-1736000000.0,239000000,,239000000,177000000.0,416000000,-308000000.0,229000000,-60000000,GE,2016-03-31
244314,USD,2016,Q2,2016-08-01,2017-07-28,9079000000.0,9187000000.0,33494000000.0,-22383000000.0,11111000000.0,-5186000000.0,-4883000000.0,,,5925000000.0,-2102000000.0,-1326000000.0,3823000000,,3823000000,-461000000.0,3362000000,-541000000.0,2907000000,2755000000,GE,2016-06-30
244314,USD,2016,Q3,2016-11-09,2017-10-30,8904000000.0,9016000000.0,29266000000.0,-20966000000.0,8300000000.0,-4581000000.0,-4343000000.0,,,3719000000.0,-1645000000.0,-961000000.0,2074000000,,2074000000,-18000000.0,2056000000,-105000000.0,2027000000,1994000000,GE,2016-09-30
244314,USD,2016,Q4,2017-02-24,2017-02-24,8829000000.0,8934000000.0,33088000000.0,-23773000000.0,9315000000.0,-4725000000.0,-4543000000.0,,,4590000000.0,-1697000000.0,-1002000000.0,2893000000,,2893000000,766000000.0,3659000000,0.0,3667000000,3485000000,GE,2016-12-31
244314,USD,2017,Q1,2017-05-05,2017-05-05,8714000000.0,8811000000.0,27660000000.0,-20359000000.0,7301000000.0,-4696000000.0,-4506000000.0,,,2605000000.0,-1773000000.0,-1139000000.0,832000000,,832000000,-16000000.0,816000000,-239000000.0,653000000,619000000,GE,2017-03-31
244314,USD,2017,Q2,2017-07-28,2017-07-28,8671000000.0,8760000000.0,29558000000.0,-21793000000.0,7765000000.0,-4420000000.0,-4287000000.0,,,3345000000.0,-1831000000.0,-1174000000.0,1514000000,,1514000000,-15000000.0,1499000000,-146000000.0,1367000000,1185000000,GE,2017-06-30
244314,USD,2017,Q3,2017-10-30,2017-10-30,8665000000.0,8732000000.0,33472000000.0,-24094000000.0,9378000000.0,-6063000000.0,-4855000000.0,,,3315000000.0,-1849000000.0,-1232000000.0,1466000000,,1466000000,334000000.0,1800000000,-106000000.0,1836000000,1800000000,GE,2017-09-30
244314,USD,2017,Q4,2018-02-23,2018-02-23,8698000000.0,8445000000.0,31402000000.0,-25688000000.0,5714000000.0,-6733000000.0,-4632000000.0,,,-1019000000.0,-11584000000.0,-1324000000.0,-12603000000,,-12603000000,2740000000.0,-9863000000,182000000.0,-9643000000,-9827000000,GE,2017-12-31
244314,USD,2018,Q1,2018-05-01,2018-05-01,8683000000.0,8696000000.0,28660000000.0,-21526000000.0,7134000000.0,-4325000000.0,-4204000000.0,,,2809000000.0,-1710000000.0,-1285000000.0,1099000000,-688000000.0,411000000,27000000.0,438000000,-1553000000.0,-1149000000,-1186000000,GE,2018-03-31
244314,USD,2018,Q2,2018-07-27,2018-07-27,8688000000.0,8699000000.0,30104000000.0,-22424000000.0,7680000000.0,-4556000000.0,-4488000000.0,,,3124000000.0,-1100000000.0,-1295000000.0,2024000000,-693000000.0,1331000000,-542000000.0,789000000,-121000000.0,800000000,615000000,GE,2018-06-30
244314,USD,2018,Q3,2018-10-30,2018-10-30,8694000000.0,8694000000.0,29573000000.0,-22846000000.0,6727000000.0,-4953000000.0,-4855000000.0,,,1774000000.0,-1732000000.0,-1227000000.0,42000000,-22780000000.0,-22738000000,-162000000.0,-22900000000,39000000.0,-22771000000,-22810000000,GE,2018-09-30
244314,USD,2018,Q4,2019-02-26,2019-02-26,8699000000.0,8675000000.0,8675000000.0,-2607000000.0,6068000000.0,-4638000000.0,-1096000000.0,-3415000000.0,,1430000000.0,-693000000.0,-959000000.0,737000000,-728000000.0,9000000,584000000.0,593000000,272000000.0,766000000,580000000,GE,2018-12-31
244314,USD,2019,Q1,2019-04-30,2019-04-30,8711000000.0,8726000000.0,27286000000.0,-20353000000.0,6933000000.0,-4227000000.0,-4146000000.0,,,2706000000.0,-866000000.0,-1133000000.0,1840000000,-566000000.0,1274000000,-222000000.0,1052000000,2592000000.0,3587000000,3547000000,GE,2019-03-31
244314,USD,2019,Q2,2019-07-31,2019-07-31,8724000000.0,8724000000.0,28831000000.0,-21817000000.0,7014000000.0,-4351000000.0,-4184000000.0,,,2663000000.0,-1637000000.0,-991000000.0,1026000000,-1301000000.0,-275000000,148000000.0,-127000000,231000000.0,127000000,-61000000,GE,2019-06-30
244314,USD,2019,Q3,2019-10-30,2019-10-30,8730000000.0,8730000000.0,23360000000.0,-17328000000.0,6032000000.0,-3392000000.0,-3293000000.0,,,2640000000.0,-2584000000.0,-1279000000.0,56000000,-1305000000.0,-1249000000,-41000000.0,-1290000000,-8093000000.0,-9423000000,-9465000000,GE,2019-09-30
244314,USD,2019,Q4,2020-02-24,2020-02-24,8731000000.0,8716000000.0,15737000000.0,-7413000000.0,8324000000.0,-5555000000.0,-2326000000.0,-3118000000.0,,2769000000.0,-212000000.0,-824000000.0,2557000000,-1158000000.0,1399000000,-611000000.0,788000000,-65000000.0,731000000,541000000,GE,2019-12-31
244314,USD,2020,Q1,2020-04-29,2021-04-27,8742000000.0,8749000000.0,19490000000.0,-14427000000.0,5063000000.0,-3809000000.0,-3061000000.0,-723000000.0,,1254000000.0,5672000000.0,-561000000.0,6926000000,-618000000.0,6308000000,-54000000.0,6254000000,-21000000.0,6199000000,6156000000,GE,2020-03-31
