SimFinId,Currency,Fiscal Year,Fiscal Period,Publish Date,Restated Date,Shares (Basic),Shares (Diluted),Revenue,Cost of Revenue,Gross Profit,Operating Expenses,"Selling, General & Administrative",Research & Development,Depreciation & Amortization,Operating Income (Loss),Non-Operating Income (Loss),"Interest Expense, Net","Pretax Income (Loss), Adj.",Abnormal Gains (Losses),Pretax Income (Loss),"Income Tax (Expense) Benefit, Net",Income (Loss) from Continuing Operations,Net Extraordinary Gains (Losses),Net Income,Net Income (Common),Ticker,Report_Date
949483,USD,2013,Q4,2014-02-07,2016-03-15,16205450.0,16205450.0,55108000.0,-35597000.0,19511000.0,-13318000.0,-2272000.0,,-7998000.0,6193000.0,-8436000.0,-8436000.0,-2243000,-14629000.0,-16872000,-88000.0,-16960000,,-11389000,-11389000,BHR,2013-12-31
949483,USD,2014,Q1,2014-05-12,2015-05-11,22531080.0,22531080.0,61806000.0,-39780000.0,22026000.0,-13464000.0,-1024000.0,,-8773000.0,8562000.0,-8985000.0,-8985000.0,-423000,-3802000.0,-4225000,-226000.0,-4451000,,-2878000,-2878000,BHR,2014-03-31
949483,USD,2014,Q2,2014-08-08,2015-08-10,25543910.0,34739960.0,83967000.0,-48914000.0,35053000.0,-16061000.0,-971000.0,,-10706000.0,18992000.0,-10027000.0,-10027000.0,8965000,-4229000.0,4736000,-211000.0,4525000,,3497000,3497000,BHR,2014-06-30
949483,USD,2014,Q3,2014-11-07,2015-11-09,25550980.0,34773290.0,84784000.0,-51733000.0,33051000.0,-15191000.0,-458000.0,,-10657000.0,17860000.0,-10127000.0,-10127000.0,7733000,-3159000.0,4574000,-185000.0,4389000,,3372000,3372000,BHR,2014-09-30
949483,USD,2014,Q4,2015-03-16,2017-02-28,25244950.0,42588670.0,76751000.0,-48624000.0,28127000.0,-15386000.0,-789000.0,,-10550000.0,12741000.0,-9865000.0,-9865000.0,2876000,-3326000.0,-450000,-475000.0,-925000,,-2052000,-2052000,BHR,2014-12-31
949483,USD,2015,Q1,2015-05-11,2016-05-10,24310700.0,24310700.0,77789000.0,-50075000.0,27714000.0,-16235000.0,-1123000.0,,-10517000.0,11479000.0,-9440000.0,-9579000.0,2039000,-1983000.0,56000,-481000.0,-425000,,-206000,-206000,BHR,2015-03-31
949483,USD,2015,Q2,2015-08-10,2016-08-09,24257170.0,25020730.0,92837000.0,-54376000.0,38461000.0,-16345000.0,-1185000.0,,-10559000.0,22116000.0,-8791000.0,-9124000.0,13325000,-4373000.0,8952000,172000.0,9124000,,6724000,6526000,BHR,2015-06-30
949483,USD,2015,Q3,2015-11-09,2016-11-09,27433620.0,27433620.0,90759000.0,-56339000.0,34420000.0,-17395000.0,-1502000.0,,-11308000.0,17025000.0,-12794000.0,-9336000.0,4231000,-11451000.0,-7220000,-62000.0,-7282000,,-6840000,-7735000,BHR,2015-09-30
949483,USD,2015,Q4,2016-03-15,2018-03-14,28586030.0,27822470.0,88160000.0,-56877000.0,31283000.0,-17500000.0,-1324000.0,,-11440000.0,13783000.0,-8464000.0,-9756000.0,5319000,-11535000.0,-6216000,108000.0,-6108000,,-6390000,-7283000,BHR,2015-12-31
949483,USD,2016,Q1,2016-05-10,2017-05-09,28626430.0,28626430.0,99797000.0,-65410000.0,34387000.0,-20870000.0,-3923000.0,,-11904000.0,13517000.0,-13262000.0,-10602000.0,255000,-24000.0,231000,-370000.0,-139000,,-134000,-1028000,BHR,2016-03-31
949483,USD,2016,Q2,2016-08-09,2017-08-08,28195160.0,32742180.0,112432000.0,-70029000.0,42403000.0,-25615000.0,-9838000.0,,-11263000.0,16788000.0,-10524000.0,-10587000.0,6264000,-2816000.0,3448000,-1156000.0,2292000,,2188000,1210000,BHR,2016-06-30
949483,USD,2016,Q3,2016-11-09,2017-11-08,25809540.0,34212740.0,99651000.0,-64939000.0,34712000.0,-18948000.0,-2653000.0,,-11175000.0,15764000.0,-9823000.0,-9745000.0,5941000,14877000.0,20818000,504000.0,21322000,,16858000,15864000,BHR,2016-09-30
949483,USD,2016,Q4,2017-02-28,2019-03-08,25026790.0,30446450.0,93977000.0,-62204000.0,31773000.0,-15289000.0,2128000.0,,-11555000.0,16484000.0,-9857000.0,-9780000.0,6627000,-5230000.0,1397000,-552000.0,845000,,404000,-590000,BHR,2016-12-31
949483,USD,2017,Q1,2017-05-09,2018-05-09,27539670.0,27539670.0,97296000.0,-63934000.0,33362000.0,-20919000.0,-3874000.0,,-11971000.0,12443000.0,-8247000.0,-8090000.0,4196000,-4963000.0,-767000,478000.0,-289000,,-13000,-1686000,BHR,2017-03-31
949483,USD,2017,Q2,2017-08-08,2018-08-09,31783690.0,31783690.0,116092000.0,-73106000.0,42986000.0,-20370000.0,-1531000.0,,-13469000.0,22616000.0,-9879000.0,-9766000.0,12737000,-11872000.0,865000,-479000.0,386000,,-885000,-2592000,BHR,2017-06-30
949483,USD,2017,Q3,2017-11-08,2018-11-07,31797830.0,31797830.0,108119000.0,-74535000.0,33584000.0,-20932000.0,-1602000.0,,-14133000.0,12652000.0,-10434000.0,-10412000.0,2218000,-2102000.0,116000,-333000.0,-217000,,-1000000,-2707000,BHR,2017-09-30
949483,USD,2017,Q4,2018-03-14,2020-03-13,30770810.0,47702810.0,92556000.0,-60021000.0,32535000.0,-19524000.0,-1139000.0,,-12689000.0,13011000.0,-10064000.0,-9979000.0,2947000,24641000.0,27588000,856000.0,28444000,,24920000,23212000,BHR,2017-12-31
949483,USD,2018,Q1,2018-05-09,2019-05-08,31996800.0,31683000.0,102489000.0,-63819000.0,38670000.0,-18638000.0,-28000.0,,-13006000.0,20032000.0,-10045000.0,-9979000.0,9987000,-5145000.0,4842000,-572000.0,4270000,,4020000,2313000,BHR,2018-03-31
949483,USD,2018,Q2,2018-08-09,2019-08-06,32326060.0,38588000.0,121118000.0,-72208000.0,48910000.0,-22094000.0,-1206000.0,,-14811000.0,26816000.0,-12573000.0,-12448000.0,14243000,-187000.0,14056000,-1202000.0,12854000,,11530000,9822000,BHR,2018-06-30
949483,USD,2018,Q3,2018-11-07,2019-11-06,32023000.0,32023000.0,108846000.0,-68816000.0,40030000.0,-23074000.0,-1765000.0,,-14474000.0,16956000.0,-12689000.0,-12544000.0,4267000,-4153000.0,114000,-740000.0,-626000,,-1869000,-3576000,BHR,2018-09-30
949483,USD,2018,Q4,2019-03-08,2021-03-05,31430140.0,25482000.0,98945000.0,-67789000.0,31156000.0,-23841000.0,-1238000.0,,-15092000.0,7315000.0,-13231000.0,-13080000.0,-5916000,-8079000.0,-13995000,82000.0,-13913000,,-12361000,-14444000,BHR,2018-12-31
949483,USD,2019,Q1,2019-05-08,2020-05-28,32115000.0,32115000.0,128513000.0,-82503000.0,46010000.0,-25272000.0,-1126000.0,,-16686000.0,20738000.0,-13998000.0,-13831000.0,6740000,-7135000.0,-395000,-927000.0,-1322000,,-981000,-3513000,BHR,2019-03-31
949483,USD,2019,Q2,2019-08-06,2020-08-06,32307000.0,32307000.0,118516000.0,-76728000.0,41788000.0,-24612000.0,-932000.0,,-18474000.0,17176000.0,-13958000.0,-13768000.0,3218000,-8430000.0,-5212000,-411000.0,-5623000,,-4510000,-7042000,BHR,2019-06-30
949483,USD,2019,Q3,2019-11-06,2020-11-09,32347000.0,32347000.0,118884000.0,-79147000.0,39737000.0,-26096000.0,-1575000.0,,-16831000.0,13641000.0,-13559000.0,-13397000.0,82000,-8881000.0,-8799000,-155000.0,-8954000,,-9388000,-11921000,BHR,2019-09-30
949483,USD,2019,Q4,2020-03-13,2021-03-05,32387000.0,32387000.0,121701000.0,-85234000.0,36467000.0,-27552000.0,-1802000.0,,-18121000.0,8915000.0,-26051000.0,-12424000.0,-17136000,34502000.0,17366000,-271000.0,17095000,,15250000,12705000,BHR,2019-12-31
949483,USD,2020,Q1,2020-05-28,2021-05-07,32474000.0,32474000.0,117520000.0,-87748000.0,29772000.0,-27930000.0,-1932000.0,,-18338000.0,1842000.0,-11946000.0,-11768000.0,-10104000,-3913000.0,-14017000,-1370000.0,-15387000,,-12930000,-15485000,BHR,2020-03-31
