SimFinId,Currency,Fiscal Year,Fiscal Period,Publish Date,Restated Date,Shares (Basic),Shares (Diluted),Revenue,Cost of Revenue,Gross Profit,Operating Expenses,"Selling, General & Administrative",Research & Development,Depreciation & Amortization,Operating Income (Loss),Non-Operating Income (Loss),"Interest Expense, Net","Pretax Income (Loss), Adj.",Abnormal Gains (Losses),Pretax Income (Loss),"Income Tax (Expense) Benefit, Net",Income (Loss) from Continuing Operations,Net Extraordinary Gains (Losses),Net Income,Net Income (Common),Ticker,Report_Date
981944,USD,2012,Q1,2012-05-15,2013-05-15,38.0,38.0,20000.0,-13000.0,7000.0,-1176000.0,-661000.0,-515000.0,,-1169000.0,-3223000.0,-116000.0,-4392000,-2387000.0,-6779000,,-6779000,,-6779000,-6779000,VIVE,2012-03-31
981944,USD,2012,Q2,2012-08-14,2013-08-14,39.0,39.0,363000.0,-211000.0,152000.0,-1118000.0,-564000.0,-554000.0,,-966000.0,-450000.0,-116000.0,-1416000,-28000.0,-1444000,,-1444000,,-1444000,-1444000,VIVE,2012-06-30
981944,USD,2012,Q3,2012-11-14,2012-11-14,38.0,38.0,212000.0,-84000.0,128000.0,-1223000.0,-674000.0,-549000.0,,-1095000.0,-890000.0,-137000.0,-1985000,-1180000.0,-3165000,,-3165000,,-3165000,-3165000,VIVE,2012-09-30
981944,USD,2012,Q4,2013-03-29,2014-03-31,41.0,41.0,485000.0,-233000.0,252000.0,-1147000.0,-734000.0,-413000.0,,-895000.0,1984000.0,-186000.0,1089000,1912000.0,3001000,,3001000,,3001000,3001000,VIVE,2012-12-31
981944,USD,2013,Q1,2013-05-15,2014-05-15,52.0,52.0,348000.0,-179000.0,169000.0,-1239000.0,-685000.0,-554000.0,,-1070000.0,-1448000.0,-136000.0,-2518000,-5290000.0,-7808000,,-7808000,,-7808000,-7808000,VIVE,2013-03-31
981944,USD,2013,Q2,2013-08-14,2014-08-13,80.0,172.0,372000.0,-135000.0,237000.0,-1523000.0,-965000.0,-558000.0,,-1286000.0,3116000.0,-61000.0,1830000,6116000.0,7946000,,7946000,,7946000,7946000,VIVE,2013-06-30
981944,USD,2013,Q3,2013-11-14,2014-11-14,468.0,468.0,4610.0,-1493.0,3117.0,-709572.0,-532369.0,-177203.0,,-706455.0,-165438.0,-156725.0,-871893,,-871893,,-871893,,-871893,-871893,VIVE,2013-09-30
981944,USD,2013,Q4,2014-04-30,2015-03-16,96.0,141.0,-572610.0,133493.0,-439117.0,-429428.0,-946631.0,517203.0,,-868545.0,-1888562.0,-93275.0,-2757107,-826000.0,-3583107,,-3583107,,-3583107,-3583107,VIVE,2013-12-31
981944,USD,2014,Q1,2014-05-15,2015-08-14,156.0,156.0,,-3000.0,-3000.0,-973000.0,-779000.0,-194000.0,,-976000.0,-155000.0,-176000.0,-1131000,,-1131000,,-1131000,,-1131000,-1131000,VIVE,2014-03-31
981944,USD,2014,Q2,2014-08-13,2014-08-13,169.0,360.0,73000.0,-24000.0,49000.0,-1240000.0,-812000.0,-428000.0,,-1191000.0,640000.0,-71000.0,-551000,2880000.0,2329000,,2329000,,2329000,2329000,VIVE,2014-06-30
981944,USD,2014,Q3,2014-11-14,2015-11-13,604.0,604.0,17000.0,-15000.0,2000.0,-2362000.0,-1789000.0,-573000.0,,-2360000.0,-144000.0,-152000.0,-2504000,,-2504000,,-2504000,,-2504000,-2504000,VIVE,2014-09-30
981944,USD,2014,Q4,2015-03-16,2016-03-24,1504.0,1313.0,0.0,-8000.0,-8000.0,-1127000.0,-896000.0,-231000.0,,-1135000.0,-859000.0,-168000.0,-1994000,-2880000.0,-4874000,,-4874000,,-4874000,-4874000,VIVE,2014-12-31
981944,USD,2015,Q1,2015-05-15,2016-05-13,608.0,608.0,38000.0,-50000.0,-12000.0,-2422000.0,-1577000.0,-845000.0,,-2434000.0,-90000.0,-83000.0,-2524000,,-2524000,,-2524000,,-2524000,-2524000,VIVE,2015-03-31
981944,USD,2015,Q2,2015-08-14,2016-08-11,4454.0,4454.0,73000.0,-53000.0,20000.0,-2907000.0,-1821000.0,-1086000.0,,-2887000.0,-119000.0,-105000.0,-3006000,,-3006000,,-3006000,,-3006000,-3006000,VIVE,2015-06-30
981944,USD,2015,Q3,2015-11-13,2016-11-10,4404.0,4404.0,584000.0,-417000.0,167000.0,-3272000.0,-1757000.0,-1515000.0,,-3105000.0,-114000.0,-114000.0,-3219000,,-3219000,,-3219000,,-3219000,-3219000,VIVE,2015-09-30
981944,USD,2015,Q4,2016-03-24,2017-02-16,6881.0,6881.0,752000.0,-465000.0,287000.0,-3851000.0,-2309000.0,-1542000.0,,-3564000.0,-113000.0,-113000.0,-3677000,,-3677000,,-3677000,,-3677000,-3677000,VIVE,2015-12-31
981944,USD,2016,Q1,2016-05-13,2017-05-11,7493.0,7493.0,1284000.0,-936000.0,348000.0,-4344000.0,-2548000.0,-1796000.0,,-3996000.0,-110000.0,-108000.0,-4106000,,-4106000,,-4106000,,-4106000,-4106000,VIVE,2016-03-31
981944,USD,2016,Q2,2016-08-11,2017-08-10,8081.0,8081.0,1556000.0,-1022000.0,534000.0,-5078000.0,-2615000.0,-2463000.0,,-4544000.0,-772000.0,-765000.0,-5316000,,-5316000,,-5316000,,-5316000,-5316000,VIVE,2016-06-30
981944,USD,2016,Q3,2016-11-10,2017-11-08,10630.0,10630.0,1849000.0,-1158000.0,691000.0,-5326000.0,-3272000.0,-2054000.0,,-4635000.0,-234000.0,-221000.0,-4869000,,-4869000,,-4869000,,-4869000,-4869000,VIVE,2016-09-30
981944,USD,2016,Q4,2017-02-16,2018-03-16,10685.0,10685.0,2452000.0,-1496000.0,956000.0,-6485000.0,-4433000.0,-2052000.0,,-5529000.0,-291000.0,-276000.0,-5820000,,-5820000,,-5820000,,-5820000,-5820000,VIVE,2016-12-31
981944,USD,2017,Q1,2017-05-11,2018-05-10,11664.0,11664.0,3041000.0,-1619000.0,1422000.0,-7838000.0,-5450000.0,-2388000.0,,-6416000.0,-279000.0,-263000.0,-6695000,,-6695000,,-6695000,,-6695000,-6695000,VIVE,2017-03-31
981944,USD,2017,Q2,2017-08-10,2018-08-09,19373.0,19373.0,3076000.0,-1837000.0,1239000.0,-10302000.0,-6862000.0,-3440000.0,,-9063000.0,-1362000.0,-1345000.0,-10425000,,-10425000,,-10425000,,-10425000,-10425000,VIVE,2017-06-30
981944,USD,2017,Q3,2017-11-08,2018-11-08,19409.0,19409.0,4070000.0,-2059000.0,2011000.0,-10833000.0,-7369000.0,-3464000.0,,-8822000.0,-793000.0,-777000.0,-9615000,,-9615000,,-9615000,,-9615000,-9615000,VIVE,2017-09-30
981944,USD,2017,Q4,2018-03-16,2019-03-15,19542.0,19542.0,5101000.0,-2329000.0,2772000.0,-12201000.0,-9150000.0,-3051000.0,,-9429000.0,-795000.0,-784000.0,-10224000,,-10224000,,-10224000,,-10224000,-10224000,VIVE,2017-12-31
981944,USD,2018,Q1,2018-05-10,2019-05-09,25847.0,25847.0,3699000.0,-2352000.0,1347000.0,-12687000.0,-8931000.0,-3756000.0,,-11340000.0,-1080000.0,-1070000.0,-12420000,0.0,-12420000,,-12420000,,-12669000,-12669000,VIVE,2018-03-31
981944,USD,2018,Q2,2018-08-09,2019-08-08,31305.0,31305.0,5525000.0,-2711000.0,2814000.0,-13109000.0,-9437000.0,-3672000.0,,-10295000.0,-1063000.0,-1063000.0,-11358000,0.0,-11358000,,-11358000,,-11516000,-11516000,VIVE,2018-06-30
981944,USD,2018,Q3,2018-11-08,2019-11-07,31491.0,31491.0,4821000.0,-3327000.0,1494000.0,-12556000.0,-9114000.0,-3442000.0,,-11062000.0,-1110000.0,-1106000.0,-12172000,0.0,-12172000,,-12172000,,-12304000,-12304000,VIVE,2018-09-30
981944,USD,2018,Q4,2019-03-15,2019-03-15,35595.0,35595.0,4472000.0,-2807000.0,1665000.0,-13933000.0,-11087000.0,-2846000.0,,-12268000.0,-1106000.0,-1133000.0,-13374000,0.0,-13374000,,-13374000,,-13492000,-13492000,VIVE,2018-12-31
981944,USD,2019,Q1,2019-05-09,2019-05-09,46372.0,46372.0,3012000.0,-1941000.0,1071000.0,-9106000.0,-6626000.0,-2480000.0,,-8035000.0,-1127000.0,-1116000.0,-9162000,-742000.0,-9904000,,-9904000,,-10029000,-10029000,VIVE,2019-03-31
981944,USD,2019,Q2,2019-08-08,2019-08-08,46494.0,46494.0,1052000.0,-941000.0,111000.0,-8432000.0,-5530000.0,-2902000.0,,-8321000.0,-1265000.0,-1194000.0,-9586000,0.0,-9586000,,-9586000,,-9724000,-9724000,VIVE,2019-06-30
981944,USD,2019,Q3,2019-11-07,2019-11-07,58898.0,58898.0,1052000.0,-1099000.0,-47000.0,-6481000.0,-5032000.0,-1449000.0,,-6528000.0,-1260000.0,-1209000.0,-7788000,0.0,-7788000,,-7788000,,-7956000,-7956000,VIVE,2019-09-30
981944,USD,2019,Q4,2020-06-29,2020-06-29,347343.0,347343.0,1451000.0,-1570000.0,-119000.0,-6934000.0,-5175000.0,-1759000.0,,-7053000.0,-863000.0,-835000.0,-7916000,-6705000.0,-14621000,,-14621000,,-14817000,-15197000,VIVE,2019-12-31
981944,USD,2020,Q1,2020-05-14,2021-05-13,893074.0,893074.0,1304000.0,-1129000.0,175000.0,-6002000.0,-4365000.0,-1637000.0,,-5827000.0,-301000.0,-210000.0,-6128000,,-6128000,,-6128000,,-6310000,-7299000,VIVE,2020-03-31
