SimFinId,Currency,Fiscal Year,Fiscal Period,Publish Date,Restated Date,Shares (Basic),Shares (Diluted),Revenue,Cost of Revenue,Gross Profit,Operating Expenses,"Selling, General & Administrative",Research & Development,Depreciation & Amortization,Operating Income (Loss),Non-Operating Income (Loss),"Interest Expense, Net","Pretax Income (Loss), Adj.",Abnormal Gains (Losses),Pretax Income (Loss),"Income Tax (Expense) Benefit, Net",Income (Loss) from Continuing Operations,Net Extraordinary Gains (Losses),Net Income,Net Income (Common),Ticker,Report_Date
786501,USD,2011,Q4,2011-10-09,2014-06-20,36020232.0,36020232.0,3602808.0,647838.0,4250646.0,-2675169.0,-943994.0,,-775175.0,1575477.0,14270.0,14270.0,1589747,229.0,1589976,0.0,1589976,,1589976,1589976,SYRG,2011-08-31
786501,USD,2012,Q1,2012-01-09,2013-01-09,36098212.0,37845212.0,4479000.0,-301000.0,4178000.0,-2559000.0,-940000.0,,-1214000.0,1619000.0,8000.0,8000.0,1627000,,1627000,0.0,1627000,,1627000,1627000,SYRG,2011-11-30
786501,USD,2012,Q2,2012-04-09,2013-04-09,47445178.0,49229042.0,6219000.0,-291000.0,5928000.0,-3053000.0,-937000.0,,-1552000.0,2875000.0,3000.0,3000.0,2878000,0.0,2878000,3241000.0,6119000,,6119000,6119000,SYRG,2012-02-29
786501,USD,2012,Q3,2012-07-09,2013-07-10,51292810.0,53174792.0,7522000.0,-456000.0,7066000.0,-3219000.0,-682000.0,,-1834000.0,3847000.0,16000.0,16000.0,3863000,0.0,3863000,-1432000.0,2431000,,2431000,2431000,SYRG,2012-05-31
786501,USD,2012,Q4,2012-12-13,2014-10-30,51514032.0,53190574.0,6749000.0,-164000.0,6585000.0,-3172000.0,-998000.0,,-1410000.0,3413000.0,11000.0,11000.0,3424000,0.0,3424000,-1477000.0,1947000,,1947000,1947000,SYRG,2012-08-31
786501,USD,2013,Q1,2013-01-09,2014-01-09,51661704.0,53616182.0,8314000.0,-523000.0,7791000.0,-4245000.0,-1111000.0,,-2320000.0,3546000.0,7000.0,7000.0,3553000,0.0,3553000,-1315000.0,2238000,,2238000,2238000,SYRG,2012-11-30
786501,USD,2013,Q2,2013-04-09,2014-04-07,54900326.0,56481752.0,10921000.0,-781000.0,10140000.0,-5658000.0,-1388000.0,,-3176000.0,4482000.0,8000.0,8000.0,4490000,-154000.0,4336000,-1604000.0,2732000,,2732000,2732000,SYRG,2013-02-28
786501,USD,2013,Q3,2013-07-10,2014-07-10,55238098.0,58918586.0,12314000.0,-1048000.0,11266000.0,-6401000.0,-1514000.0,,-3820000.0,4865000.0,-89000.0,-89000.0,4776000,540000.0,5316000,-1701000.0,3615000,,3615000,3615000,SYRG,2013-05-31
786501,USD,2013,Q4,2014-06-20,2015-10-16,66557320.0,67338524.0,14674000.0,-1065000.0,13609000.0,-6957000.0,-1675000.0,,-4020000.0,6652000.0,24000.0,24000.0,6676000,-3430000.0,3246000,-2250000.0,996000,,996000,996000,SYRG,2013-08-31
786501,USD,2014,Q1,2014-01-09,2015-01-09,73674865.0,76044605.0,19266000.0,-1273000.0,17993000.0,-10775000.0,-3168000.0,,-5591000.0,7218000.0,31000.0,31000.0,7249000,2238000.0,9487000,-3387000.0,6100000,,6100000,6100000,SYRG,2013-11-30
786501,USD,2014,Q2,2014-04-07,2014-04-07,76203938.0,77990416.0,23028000.0,-1806000.0,21222000.0,-11744000.0,-1770000.0,,-7719000.0,9478000.0,17000.0,17000.0,9495000,-1996000.0,7499000,-2338000.0,5161000,,5161000,5161000,SYRG,2014-02-28
786501,USD,2014,Q3,2014-07-10,2014-07-10,77176420.0,79008619.0,25672000.0,-2303000.0,23369000.0,-12110000.0,-1938000.0,,-7796000.0,11259000.0,22000.0,22000.0,11281000,-1005000.0,10276000,-3116000.0,7160000,,7160000,7160000,SYRG,2014-05-31
786501,USD,2014,Q4,2015-06-23,2015-10-16,77803725.0,78188576.0,36253000.0,-2609000.0,33644000.0,-18135000.0,-3263000.0,,-11852000.0,15509000.0,12000.0,12000.0,15521000,1084000.0,16605000,-6173000.0,10432000,,10432000,10432000,SYRG,2014-08-31
786501,USD,2015,Q1,2015-05-05,2016-05-03,97241301.0,97241301.0,18938000.0,-4121000.0,14817000.0,-19965000.0,-4081000.0,,-14077000.0,-5148000.0,-15000.0,-15000.0,-5163000,3461000.0,-1702000,709000.0,-993000,,-993000,-993000,SYRG,2014-11-30
786501,USD,2015,Q2,2015-04-09,2016-08-04,104562662.0,104562662.0,28286000.0,-3745000.0,24541000.0,-24558000.0,-6242000.0,,-15737000.0,-17000.0,-91000.0,-91000.0,-108000,-7383000.0,-7491000,2903000.0,-4588000,,-4588000,-4588000,SYRG,2015-02-28
786501,USD,2015,Q3,2015-07-10,2016-11-03,105100849.0,105100849.0,33378000.0,-5078000.0,28300000.0,-26948000.0,-5432000.0,,-18417000.0,1352000.0,-72000.0,-72000.0,1280000,-89721000.0,-88441000,10520000.0,-77921000,,-77921000,-77921000,SYRG,2015-05-31
786501,USD,2015,Q4,2015-10-16,2015-10-16,71609848.0,74372264.0,44241000.0,-2073000.0,42168000.0,-24733000.0,-3240000.0,,-17638000.0,17435000.0,19000.0,19000.0,17454000,109899000.0,127353000,-25809000.0,101544000,,101544000,101544000,SYRG,2015-08-31
786501,USD,2016,Q1,2016-01-08,2017-05-04,121392736.0,121392736.0,18273000.0,-4299000.0,13974000.0,-21436000.0,-7443000.0,,-12092000.0,-7462000.0,2000.0,8000.0,-7460000,-43941000.0,-51401000,0.0,-51401000,,-51401000,-51401000,SYRG,2015-11-30
786501,USD,2016,Q2,2016-08-04,2017-08-03,172013551.0,172013551.0,23947000.0,-6845000.0,17102000.0,-21163000.0,-7520000.0,,-11274000.0,-4061000.0,167000.0,157000.0,-3894000,-149853000.0,-153747000,-101000.0,-153848000,,-153848000,-153848000,SYRG,2016-02-29
786501,USD,2016,Q3,2016-11-03,2017-11-01,200515555.0,200515555.0,26234000.0,-3819000.0,22415000.0,-16615000.0,-8236000.0,,-9635000.0,5800000.0,10000.0,11000.0,5810000,-25046000.0,-19236000,-5000.0,-19241000,,-19241000,-19241000,SYRG,2016-05-31
786501,USD,2016,Q4,2017-02-23,2019-02-20,201174298.0,201174298.0,38695000.0,-4986000.0,33709000.0,-24338000.0,-7346000.0,,-13677000.0,9371000.0,63000.0,16000.0,9434000,-4133000.0,5301000,0.0,5301000,,5301000,5301000,SYRG,2016-08-31
786501,USD,2017,Q1,2017-05-04,2018-05-02,200707891.0,201309251.0,43790000.0,-3972000.0,39818000.0,-23564000.0,-8200000.0,,-13229000.0,16254000.0,247000.0,11000.0,16501000,3379000.0,19880000,0.0,19880000,,19880000,19880000,SYRG,2016-11-30
786501,USD,2017,Q2,2017-08-03,2018-08-01,200831063.0,201224172.0,75036000.0,-5018000.0,70018000.0,-43496000.0,-7605000.0,,-26427000.0,26522000.0,86000.0,20000.0,26608000,1328000.0,27936000,0.0,27936000,,27936000,27936000,SYRG,2017-02-28
786501,USD,2017,Q3,2017-11-01,2018-10-31,200881447.0,201460915.0,103593000.0,-5154000.0,98439000.0,-52307000.0,-8484000.0,,-33740000.0,46132000.0,99000.0,16000.0,46231000,-2383000.0,43848000,0.0,43848000,,43848000,43848000,SYRG,2017-05-31
786501,USD,2017,Q4,2018-02-21,2019-02-20,222249623.0,222979866.0,140097000.0,-8578000.0,131519000.0,-62842000.0,-8676000.0,,-38913000.0,68677000.0,-11408000.0,-11526000.0,57269000,-6550000.0,50719000,99000.0,50818000,,50818000,50818000,SYRG,2017-08-31
786501,USD,2018,Q1,2018-05-02,2019-05-01,241751915.0,243166897.0,147233000.0,-9751000.0,137482000.0,-60124000.0,-9600000.0,,-37081000.0,77358000.0,30000.0,9000.0,77388000,-5781000.0,71607000,-5811000.0,65796000,,65796000,65796000,SYRG,2017-11-30
786501,USD,2018,Q2,2018-08-01,2018-08-01,242255724.0,244464776.0,147087000.0,-13492000.0,133595000.0,-66341000.0,-9406000.0,,-41877000.0,67254000.0,11000.0,5000.0,67265000,-14294000.0,52971000,-3347000.0,49624000,,49624000,49624000,SYRG,2018-02-28
786501,USD,2018,Q3,2018-10-31,2018-10-31,242536781.0,243560046.0,160978000.0,-12354000.0,148624000.0,-68697000.0,-10685000.0,,-45188000.0,79927000.0,148000.0,23000.0,80075000,-8529000.0,71546000,-8918000.0,62628000,,62628000,62628000,SYRG,2018-05-31
786501,USD,2018,Q4,2019-02-20,2019-02-20,242691152.0,240892289.0,190343000.0,-16829000.0,173514000.0,-83059000.0,-8927000.0,,-55627000.0,90455000.0,104000.0,62000.0,90559000,11306000.0,101865000,-19891000.0,81974000,,81974000,81974000,SYRG,2018-08-31
786501,USD,2019,Q1,2019-05-01,2019-05-01,243290734.0,244091516.0,189455000.0,-21414000.0,168041000.0,-77473000.0,-9469000.0,,-60918000.0,90568000.0,130000.0,69000.0,90698000,-22913000.0,67785000,-18034000.0,49751000,,49751000,49751000,SYRG,2018-11-30
786501,USD,2019,Q2,2019-07-31,2019-07-31,243404917.0,244130245.0,162602000.0,-17894000.0,144708000.0,-80455000.0,-9243000.0,,-58027000.0,64253000.0,167000.0,92000.0,64420000,8285000.0,72705000,-18237000.0,54468000,,54468000,54468000,SYRG,2019-02-28
