SimFinId,Currency,Fiscal Year,Fiscal Period,Publish Date,Restated Date,Shares (Basic),Shares (Diluted),Revenue,Cost of Revenue,Gross Profit,Operating Expenses,"Selling, General & Administrative",Research & Development,Depreciation & Amortization,Operating Income (Loss),Non-Operating Income (Loss),"Interest Expense, Net","Pretax Income (Loss), Adj.",Abnormal Gains (Losses),Pretax Income (Loss),"Income Tax (Expense) Benefit, Net",Income (Loss) from Continuing Operations,Net Extraordinary Gains (Losses),Net Income,Net Income (Common),Ticker,Report_Date
532888,USD,2011,Q4,2011-09-12,2013-09-12,2159187.0,2045854.0,60270023.0,-39161650.0,21108373.0,-8619707.0,-8619707.0,,,12488666.0,131934.0,52288.0,12620600,,12620600,-3196521.0,9424079,,9424079,9424079,CGA,2011-06-30
532888,USD,2012,Q1,2011-11-21,2012-11-19,2237216.0,2237216.0,53102594.0,-34193862.0,18908732.0,-5629169.0,-5629169.0,,,13279563.0,-84416.0,-58992.0,13195147,,13195147,-2463511.0,10731636,,10731636,10731636,CGA,2011-09-30
532888,USD,2012,Q2,2012-02-09,2013-02-07,2244257.0,2244257.0,47093997.0,-30704512.0,16389485.0,-6193730.0,-6193730.0,,,10195755.0,-220662.0,-309752.0,9975093,,9975093,-2231215.0,7743878,,7743878,7743878,CGA,2011-12-31
532888,USD,2012,Q3,2012-05-10,2013-05-10,2245791.0,2245791.0,60016344.0,-37541005.0,22475339.0,-6613331.0,-6613331.0,,,15862008.0,-521093.0,-465011.0,15340915,,15340915,-2966554.0,12374361,,12374361,12374361,CGA,2012-03-31
532888,USD,2012,Q4,2013-01-18,2015-04-03,2250320.0,2250320.0,57311270.0,-35809593.0,21501677.0,-6913993.0,-6913993.0,,,14587684.0,-339701.0,-392329.0,14247983,0.0,14247983,-3140033.0,11107950,,11107950,11107950,CGA,2012-06-30
532888,USD,2013,Q1,2012-11-19,2013-11-12,2287633.0,2287633.0,39512740.0,-22579367.0,16933373.0,-5910029.0,-5910029.0,,,11023344.0,-311960.0,-311360.0,10711384,,10711384,-1849984.0,8861400,,8861400,8861400,CGA,2012-09-30
532888,USD,2013,Q2,2013-02-07,2014-02-10,2303405.0,2303405.0,41730992.0,-25537459.0,16193533.0,-6294555.0,-6294555.0,,,9898978.0,118250.0,-279730.0,10017228,,10017228,-1775900.0,8241328,,8241328,8241328,CGA,2012-12-31
532888,USD,2013,Q3,2013-05-10,2014-05-12,2327384.0,2327384.0,65872533.0,-44126828.0,21745705.0,-5221294.0,-5221294.0,,,16524411.0,17768.0,-194576.0,16542179,0.0,16542179,-3131520.0,13410659,,13410659,13410659,CGA,2013-03-31
532888,USD,2013,Q4,2013-09-12,2015-09-17,2336530.0,2336530.0,69781691.0,-45270448.0,24511243.0,-6572514.0,3398201.0,,,17938729.0,-251484.0,-254768.0,17687245,0.0,17687245,-3426584.0,14260661,,14260661,14260661,CGA,2013-06-30
532888,USD,2014,Q1,2013-11-12,2014-11-10,2496811.0,2496811.0,50303347.0,-27833659.0,22469688.0,-9135966.0,-9135966.0,,,13333722.0,-293915.0,-177532.0,13039807,,13039807,-2661350.0,10378457,,10378457,10378457,CGA,2013-09-30
532888,USD,2014,Q2,2014-02-10,2015-02-09,2650399.0,2650399.0,40634601.0,-21783086.0,18851515.0,-13373027.0,-5318574.0,,,5478488.0,-352861.0,-282804.0,5125627,,5125627,-1449890.0,3675737,,3675737,3675737,CGA,2013-12-31
532888,USD,2014,Q3,2014-05-12,2015-05-11,2651069.0,2651069.0,70295981.0,-44135266.0,26160715.0,-14583819.0,-4395721.0,,,11576896.0,-368954.0,-434517.0,11207942,-1659729.0,9548213,-2339082.0,7209131,,7209131,7209131,CGA,2014-03-31
532888,USD,2014,Q4,2015-04-03,2015-09-17,2665200.0,2665200.0,72168159.0,-48451304.0,23716855.0,-13626486.0,-4478080.0,,,10090369.0,-726289.0,-345666.0,9364080,-3502086.0,5861994,-1610624.0,4251370,,4251370,4251370,CGA,2014-06-30
532888,USD,2015,Q1,2014-11-10,2015-11-13,2697025.0,2697025.0,51301790.0,-26628356.0,24673434.0,-14186353.0,-3855269.0,,,10487081.0,-384404.0,-426359.0,10102677,,10102677,-2003595.0,8099082,,8099082,8099082,CGA,2014-09-30
532888,USD,2015,Q2,2015-02-09,2016-02-05,2772346.0,2772346.0,54051174.0,-31141180.0,22909994.0,-15826476.0,-5175044.0,,,7083518.0,-316197.0,-320946.0,6767321,,6767321,-1551884.0,5215437,,5215437,5215437,CGA,2014-12-31
532888,USD,2015,Q3,2015-05-11,2016-05-13,2897462.0,2897462.0,79487215.0,-51296698.0,28190517.0,-15265360.0,-4660774.0,,,12925157.0,-191682.0,-202333.0,12733475,,12733475,-2817281.0,9916194,,9916194,9916194,CGA,2015-03-31
532888,USD,2015,Q4,2015-09-17,2016-10-07,2956535.0,2956535.0,78514109.0,-50332152.0,28181957.0,-16964789.0,-6649839.0,,,11217168.0,-458700.0,-460521.0,10758468,,10758468,-2544055.0,8214413,,8214413,8214413,CGA,2015-06-30
532888,USD,2016,Q1,2015-11-13,2016-11-14,2993723.0,2993723.0,54184271.0,-29996109.0,24188162.0,-14810112.0,-5097397.0,,,9378050.0,-354936.0,-350373.0,9023114,,9023114,-1777442.0,7245672,,7245672,7245672,CGA,2015-09-30
532888,USD,2016,Q2,2016-02-05,2017-02-14,3076519.0,3076519.0,56966000.0,-34330432.0,22635568.0,-16855837.0,-8191085.0,,,5779731.0,-227645.0,-228374.0,5552086,,5552086,-1284551.0,4267535,,4267535,4267535,CGA,2015-12-31
532888,USD,2016,Q3,2016-05-13,2017-05-15,3078948.0,3078948.0,78638474.0,-53904185.0,24734289.0,-14427175.0,-5646282.0,,,10307114.0,49561.0,52034.0,10356675,,10356675,-2104904.0,8251771,,8251771,8251771,CGA,2016-03-31
532888,USD,2016,Q4,2016-10-07,2018-04-13,3080441.0,3080441.0,78996275.0,-57524963.0,21471312.0,-14344288.0,-41502648.0,,,7127024.0,17261.0,16427.0,7144285,,7144285,-2205070.0,4939215,,4939215,4939215,CGA,2016-06-30
532888,USD,2017,Q1,2016-11-14,2017-11-14,3136129.0,3136129.0,61884622.0,-38453594.0,23431028.0,-14352337.0,-8243555.0,,,9078691.0,-102980.0,-61923.0,8975711,,8975711,-1624131.0,7351580,,7351580,7351580,CGA,2016-09-30
532888,USD,2017,Q2,2017-02-14,2018-04-13,3136917.0,3136917.0,58745013.0,-39564772.0,19180241.0,-12074725.0,-8599287.0,,,7105516.0,-130867.0,-16752.0,6974649,0.0,6974649,-1468638.0,5506011,,5506011,5506011,CGA,2016-12-31
532888,USD,2017,Q3,2017-05-15,2018-05-15,3209718.0,3209718.0,81305628.0,-59952995.0,21352633.0,-11658746.0,-10102715.0,,,9693887.0,177179.0,-153359.0,9871066,0.0,9871066,-1679391.0,8191675,,8191675,8191675,CGA,2017-03-31
532888,USD,2017,Q4,2017-10-11,2018-10-19,3209833.0,3209833.0,75913223.0,-57161945.0,18751278.0,-13108760.0,-24249011.0,,,5642518.0,-251518.0,6034.0,5391000,0.0,5391000,-1739720.0,3651280,451608.0,4102888,4102888,CGA,2017-06-30
532888,USD,2018,Q1,2017-11-14,2017-11-14,3180834.0,3180834.0,62768503.0,-43700502.0,19068001.0,-12151626.0,-12151626.0,,,6916375.0,-98892.0,-91661.0,6817483,,6817483,-1722655.0,5094828,,5094828,5094828,CGA,2017-09-30
532888,USD,2018,Q2,2018-04-13,2018-04-13,3211320.0,3211320.0,63963642.0,-45415076.0,18548566.0,-8619367.0,-8619367.0,,,9929199.0,-241189.0,35661.0,9688010,-330966.0,9357044,-1530938.0,7826106,,7826106,7826106,CGA,2017-12-31
532888,USD,2018,Q3,2018-05-15,2018-05-15,3211320.0,3240116.0,82550883.0,-61390972.0,21159911.0,-11533912.0,-11533912.0,,,9625999.0,-185780.0,-40469.0,9440219,0.0,9440219,-1813187.0,7627032,,7627032,7627032,CGA,2018-03-31
532888,USD,2018,Q4,2018-10-19,2018-10-19,3268630.0,3239835.0,77770502.0,-62438047.0,15332455.0,-12002241.0,-12002241.0,,,3330214.0,-63423.0,7046.0,3266791,-1029.0,3265762,-30785347.0,-27519585,40394.0,-27479191,-27479191,CGA,2018-06-30
532888,USD,2019,Q1,2018-11-14,2018-11-14,3240116.0,3240116.0,57954806.0,-41485166.0,16469640.0,-5729786.0,-5729786.0,,,10739854.0,-73633.0,-35303.0,10666221,,10666221,-1654416.0,9011805,0.0,9011805,9011805,CGA,2018-09-30
532888,USD,2019,Q2,2019-02-14,2019-02-14,3294261.0,3294261.0,52254463.0,-40010238.0,12244225.0,-7969471.0,-7969471.0,,,4274754.0,-241374.0,-53621.0,4033380,0.0,4033380,-1527645.0,2505735,0.0,2505735,2505735,CGA,2018-12-31
532888,USD,2019,Q3,2019-05-15,2019-05-15,3294260.0,3294260.0,108120570.0,-86963595.0,21156975.0,-13707663.0,-13707663.0,,,7449312.0,-191803.0,-90453.0,7257509,,7257509,-2139610.0,5117899,0.0,5117899,5117899,CGA,2019-03-31
532888,USD,2019,Q4,2019-10-15,2019-10-15,3725480.0,3725480.0,75990964.0,-61219124.0,14771840.0,-18431012.0,-18431012.0,,,-3659172.0,-210203.0,-94103.0,-3869375,0.0,-3869375,-1175669.0,-5045044,0.0,-5045044,-5045044,CGA,2019-06-30
532888,USD,2020,Q1,2019-11-19,2019-11-19,4504510.0,4504510.0,50821571.0,-37662324.0,13159247.0,-19972147.0,-19972147.0,,,-6812900.0,-53769.0,-23578.0,-6866669,,-6866669,-449131.0,-7315800,,-7315800,-7315800,CGA,2019-09-30
532888,USD,2020,Q2,2020-02-14,2021-02-10,5474979.0,5474979.0,49565009.0,-40744524.0,8820485.0,-36618503.0,-36618503.0,,,-27798018.0,-107497.0,-34234.0,-27905515,,-27905515,824635.0,-27080880,,-27080880,-27080880,CGA,2019-12-31
532888,USD,2020,Q3,2020-05-15,2021-05-17,6143159.0,6143159.0,85826689.0,-73209255.0,12617434.0,-61081805.0,-61081805.0,,,-48464371.0,-40921.0,-22363.0,-48505292,,-48505292,-1717017.0,-50222309,,-50222309,-50222309,CGA,2020-03-31
