SimFinId,Currency,Fiscal Year,Fiscal Period,Publish Date,Restated Date,Shares (Basic),Shares (Diluted),Revenue,Cost of Revenue,Gross Profit,Operating Expenses,"Selling, General & Administrative",Research & Development,Depreciation & Amortization,Operating Income (Loss),Non-Operating Income (Loss),"Interest Expense, Net","Pretax Income (Loss), Adj.",Abnormal Gains (Losses),Pretax Income (Loss),"Income Tax (Expense) Benefit, Net",Income (Loss) from Continuing Operations,Net Extraordinary Gains (Losses),Net Income,Net Income (Common),Ticker,Report_Date
647182,USD,2014,Q4,2015-02-05,2017-02-07,280098000.0,280098000.0,92329000.0,-8825000.0,83504000.0,-86609000.0,-58972000.0,-27637000.0,,-3105000.0,317000.0,,-2788000,-8109000.0,-10897000,,-10897000,,-10897000,-10897000,Z,2014-12-31
647182,USD,2015,Q1,2015-05-12,2016-05-04,147390000.0,147390000.0,127273000.0,-13019000.0,114254000.0,-134635000.0,-97310000.0,-37325000.0,,-20381000.0,-461000.0,-730000.0,-20842000,-37542000.0,-58384000,,-58384000,,-58384000,-58384000,Z,2015-03-31
647182,USD,2015,Q2,2015-08-05,2016-08-05,176142000.0,176142000.0,171269000.0,-17037000.0,154232000.0,-183492000.0,-131752000.0,-51740000.0,,-29260000.0,-1130000.0,-1580000.0,-30390000,-8331000.0,-38721000,,-38721000,,-38721000,-38721000,Z,2015-06-30
647182,USD,2015,Q3,2015-11-05,2016-11-02,177098000.0,177098000.0,176765000.0,-16453000.0,160312000.0,-178434000.0,-124716000.0,-53718000.0,,-18122000.0,-1224000.0,-1590000.0,-19346000,-9556000.0,-28902000,2853000.0,-26049000,,-26049000,-26049000,Z,2015-09-30
647182,USD,2015,Q4,2016-02-12,2018-02-15,178438000.0,178438000.0,169370000.0,-13618000.0,155752000.0,-181025000.0,-139331000.0,-41694000.0,,-25273000.0,-1173000.0,-1589000.0,-26446000,-1066000.0,-27512000,1792000.0,-25720000,,-25720000,-25720000,Z,2015-12-31
647182,USD,2016,Q1,2016-05-04,2017-05-04,178686000.0,178686000.0,185982000.0,-16203000.0,169779000.0,-217263000.0,-156892000.0,-60371000.0,,-47484000.0,-892000.0,-1573000.0,-48376000,-593000.0,-48969000,1364000.0,-47605000,,-47605000,-47605000,Z,2016-03-31
647182,USD,2016,Q2,2016-08-05,2017-08-08,179451000.0,179451000.0,208403000.0,-16745000.0,191658000.0,-346784000.0,-283388000.0,-63396000.0,,-155126000.0,-819000.0,-1572000.0,-155945000,-204000.0,-156149000,,-156149000,,-156149000,-156149000,Z,2016-06-30
647182,USD,2016,Q3,2016-11-02,2017-11-07,180583000.0,189661000.0,224592000.0,-17608000.0,206984000.0,-200301000.0,-135805000.0,-64496000.0,,6683000.0,-1034000.0,-1595000.0,5649000,1158000.0,6807000,,6807000,,6807000,6807000,Z,2016-09-30
647182,USD,2016,Q4,2017-02-07,2019-02-21,181876000.0,172798000.0,227612000.0,-18706000.0,208906000.0,-205661000.0,-138341000.0,-67320000.0,,3245000.0,-1952000.0,-2668000.0,1293000,-23290000.0,-21997000,-1494000.0,-23491000,,-23491000,-23491000,Z,2016-12-31
647182,USD,2017,Q1,2017-05-04,2018-05-08,183158000.0,183158000.0,245775000.0,-20232000.0,225543000.0,-224274000.0,-151406000.0,-72868000.0,,1269000.0,-5770000.0,-6723000.0,-4501000,-105000.0,-4606000,0.0,-4606000,,-4606000,-4606000,Z,2017-03-31
647182,USD,2017,Q2,2017-08-08,2018-08-06,185439000.0,185439000.0,266850000.0,-20260000.0,246590000.0,-263105000.0,-184564000.0,-78541000.0,,-16515000.0,-5287000.0,-6897000.0,-21802000,-43000.0,-21845000,0.0,-21845000,,-21845000,-21845000,Z,2017-06-30
647182,USD,2017,Q3,2017-11-07,2018-11-06,187692000.0,196425000.0,281839000.0,-22152000.0,259687000.0,-244723000.0,-161334000.0,-83389000.0,,14964000.0,-5499000.0,-6906000.0,9465000,-218000.0,9247000,-41000.0,9206000,,9206000,9206000,Z,2017-09-30
647182,USD,2017,Q4,2018-02-15,2019-02-21,189523000.0,180790000.0,282330000.0,-22559000.0,259771000.0,-246900000.0,-161713000.0,-85187000.0,,12871000.0,-5576000.0,-6991000.0,7295000,-174097000.0,-166802000,89627000.0,-77175000,,-77175000,-77175000,Z,2017-12-31
647182,USD,2018,Q1,2018-05-08,2018-05-08,191464000.0,191464000.0,299879000.0,-23919000.0,275960000.0,-287297000.0,-193364000.0,-93933000.0,,-11337000.0,-4627000.0,-7073000.0,-15964000,-27000.0,-15991000,-2600000.0,-18591000,,-18591000,-18591000,Z,2018-03-31
647182,USD,2018,Q2,2018-08-06,2018-08-06,194155000.0,194155000.0,325246000.0,-25527000.0,299719000.0,-308682000.0,-208306000.0,-100376000.0,,-8963000.0,-4098000.0,-7187000.0,-13061000,-632000.0,-13693000,10600000.0,-3093000,,-3093000,-3093000,Z,2018-06-30
647182,USD,2018,Q3,2018-11-06,2018-11-06,202416000.0,202416000.0,343094000.0,-36672000.0,306422000.0,-304791000.0,-199477000.0,-105314000.0,,1631000.0,-4895000.0,-12668000.0,-3264000,-11928000.0,-15192000,14700000.0,-492000,,-492000,-492000,Z,2018-09-30
647182,USD,2018,Q4,2019-02-21,2021-02-12,203741000.0,203741000.0,365335000.0,-67472000.0,297863000.0,-324822000.0,-213627000.0,-111195000.0,,-26959000.0,-8365000.0,-14327000.0,-35324000,-70760000.0,-106084000,8402000.0,-97682000,,-97682000,-97682000,Z,2018-12-31
647182,USD,2019,Q1,2019-05-09,2019-05-09,204514000.0,204514000.0,454104000.0,-151348000.0,302756000.0,-365131000.0,-257361000.0,-107770000.0,,-62375000.0,-7298000.0,-16466000.0,-69673000,-352000.0,-70025000,2500000.0,-67525000,,-67525000,-67525000,Z,2019-03-31
647182,USD,2019,Q2,2019-08-07,2019-08-07,205754000.0,205754000.0,599578000.0,-271221000.0,328357000.0,-390602000.0,-270272000.0,-120330000.0,,-62245000.0,-9439000.0,-18897000.0,-71684000,-293000.0,-71977000,0.0,-71977000,,-71977000,-71977000,Z,2019-06-30
647182,USD,2019,Q3,2019-11-07,2019-11-07,207002000.0,207002000.0,745208000.0,-399835000.0,345373000.0,-393814000.0,-269840000.0,-123974000.0,,-48441000.0,-17503000.0,-26502000.0,-65944000,-5000.0,-65949000,1300000.0,-64649000,,-64649000,-64649000,Z,2019-09-30
647182,USD,2019,Q4,2020-02-19,2020-02-19,208250000.0,208250000.0,943947000.0,-609617000.0,334330000.0,-408104000.0,-282831000.0,-125273000.0,,-73774000.0,-27894000.0,-39927000.0,-101668000,0.0,-101668000,458000.0,-101210000,,-101210000,-101210000,Z,2019-12-31
647182,USD,2020,Q1,2020-05-07,2021-05-04,210674000.0,210674000.0,1125821000.0,-761672000.0,364149000.0,-431851000.0,-296933000.0,-134918000.0,,-67702000.0,-27999000.0,-37592000.0,-95701000,-76800000.0,-172501000,9228000.0,-163273000,,-163273000,-163273000,Z,2020-03-31
