SimFinId,Currency,Fiscal Year,Fiscal Period,Publish Date,Restated Date,Shares (Basic),Shares (Diluted),Revenue,Cost of Revenue,Gross Profit,Operating Expenses,"Selling, General & Administrative",Research & Development,Depreciation & Amortization,Operating Income (Loss),Non-Operating Income (Loss),"Interest Expense, Net","Pretax Income (Loss), Adj.",Abnormal Gains (Losses),Pretax Income (Loss),"Income Tax (Expense) Benefit, Net",Income (Loss) from Continuing Operations,Net Extraordinary Gains (Losses),Net Income,Net Income (Common),Ticker,Report_Date
378227,USD,2010,Q2,2010-08-09,2011-08-05,187403000.0,188665000.0,430887000.0,-295880000.0,135007000.0,-55178000.0,-55178000.0,,,79829000.0,-1172000.0,,78657000,,78657000,-28272000.0,52751000,-273000.0,49704000,49704000,TSS,2010-06-30
378227,USD,2010,Q3,2010-11-04,2011-11-04,187403000.0,188665000.0,433236000.0,-302692000.0,130544000.0,-51630000.0,-51630000.0,,,78914000.0,31000.0,,78945000,,78945000,-27879000.0,52169000,-2463000.0,45743000,45743000,TSS,2010-09-30
378227,USD,2010,Q4,2011-04-18,2013-02-26,187403000.0,188665000.0,439990000.0,-311902000.0,128088000.0,-57114000.0,-57114000.0,,,70974000.0,-215000.0,,70759000,,70759000,-21840000.0,51699000,-81000.0,47173000,47173000,TSS,2010-12-31
378227,USD,2011,Q1,2011-05-06,2012-05-07,187403000.0,188665000.0,429430000.0,-301492000.0,127938000.0,-54910000.0,-54910000.0,,,73028000.0,-728000.0,,72300000,,72300000,-25158000.0,49412000,,48790000,48790000,TSS,2011-03-31
378227,USD,2011,Q2,2011-08-05,2012-08-06,187403000.0,188665000.0,447554000.0,-312052000.0,135502000.0,-56973000.0,-56973000.0,,,78529000.0,-841000.0,,77688000,,77688000,-23658000.0,54647000,,53747000,53747000,TSS,2011-06-30
378227,USD,2011,Q3,2011-11-04,2012-11-05,187403000.0,188665000.0,459747000.0,-321481000.0,138266000.0,-57086000.0,-57086000.0,,,81180000.0,-3794000.0,,77386000,,77386000,-24286000.0,57688000,,58148000,58148000,TSS,2011-09-30
378227,USD,2011,Q4,2012-04-17,2014-02-25,187403000.0,188665000.0,472235000.0,-322945000.0,149290000.0,-58282000.0,-58282000.0,,,91008000.0,-542000.0,,90466000,-1289000.0,89177000,-29495000.0,60915000,,59874000,59874000,TSS,2011-12-31
378227,USD,2012,Q1,2012-05-07,2013-05-08,187403000.0,188665000.0,461162000.0,-318258000.0,142904000.0,-58073000.0,-58073000.0,,,84831000.0,-405000.0,,84426000,,84426000,-29556000.0,57644000,,56395000,56395000,TSS,2012-03-31
378227,USD,2012,Q2,2012-08-06,2013-08-08,187403000.0,188665000.0,462651000.0,-312669000.0,149982000.0,-57591000.0,-57591000.0,,,92391000.0,-1818000.0,,90573000,-295000.0,90278000,-24553000.0,67977000,,66710000,66710000,TSS,2012-06-30
378227,USD,2012,Q3,2012-11-05,2013-11-06,187403000.0,188665000.0,468059000.0,-315685000.0,152374000.0,-61099000.0,-61099000.0,,,91275000.0,-579000.0,,90696000,-382000.0,90314000,-30228000.0,62043000,,60312000,60312000,TSS,2012-09-30
378227,USD,2012,Q4,2013-04-24,2015-02-26,187403000.0,188665000.0,401685000.0,-242729000.0,158956000.0,-70834000.0,-70834000.0,,,88122000.0,706000.0,,88828000,-973000.0,87855000,-29779000.0,61264000,995000.0,60863000,60863000,TSS,2012-12-31
378227,USD,2013,Q1,2013-05-08,2014-05-08,186108000.0,187382000.0,448791000.0,-304369000.0,144422000.0,-66421000.0,-66421000.0,,,78001000.0,1003000.0,,79004000,-6224000.0,72780000,-17463000.0,59134000,15000.0,57028000,57028000,TSS,2013-03-31
378227,USD,2013,Q2,2013-08-08,2014-08-07,187147000.0,188128000.0,461860000.0,-301627000.0,160233000.0,-64345000.0,-64345000.0,,,95888000.0,-590000.0,,95298000,-8180000.0,87118000,-29984000.0,59883000,678000.0,57716000,57716000,TSS,2013-06-30
378227,USD,2013,Q3,2013-11-06,2014-11-06,187726000.0,189484000.0,570551000.0,-377147000.0,193404000.0,-81643000.0,-81643000.0,,,111761000.0,-499000.0,,111262000,-17071000.0,94191000,-30100000.0,66883000,611000.0,64350000,64350000,TSS,2013-09-30
378227,USD,2013,Q4,2014-04-11,2016-02-25,187599000.0,190178000.0,583103000.0,-386295000.0,196808000.0,-99958000.0,-99958000.0,,,96850000.0,-29938000.0,,66912000,31475000.0,98387000,-33434000.0,68642000,751000.0,65656000,65656000,TSS,2013-12-31
378227,USD,2014,Q1,2014-05-08,2015-05-07,185763000.0,188395000.0,592848000.0,-422883000.0,169965000.0,-89268000.0,-89268000.0,,,80697000.0,-9813000.0,,70884000,,70884000,-24335000.0,50645000,980000.0,49303000,49303000,TSS,2014-03-31
378227,USD,2014,Q2,2014-08-07,2015-08-06,184491000.0,186485000.0,602036000.0,-416489000.0,185547000.0,-86784000.0,-86784000.0,,,98763000.0,-10385000.0,,88378000,,88378000,-30771000.0,61207000,50133000.0,109904000,109904000,TSS,2014-06-30
378227,USD,2014,Q3,2014-11-06,2015-11-05,183692000.0,185687000.0,616891000.0,-407391000.0,209500000.0,-80093000.0,-80093000.0,,,129407000.0,-9997000.0,,119410000,,119410000,-39227000.0,84318000,880000.0,83805000,83805000,TSS,2014-09-30
378227,USD,2014,Q4,2015-04-10,2017-02-24,183242000.0,176621000.0,635102000.0,-422129000.0,212973000.0,-90200000.0,-90200000.0,,,122773000.0,-8516000.0,,114257000,,114257000,-35428000.0,84581000,-3338000.0,79860000,79860000,TSS,2014-12-31
378227,USD,2015,Q1,2015-05-07,2016-05-05,182772000.0,183854000.0,662156000.0,-449705000.0,212451000.0,-89955000.0,-89955000.0,,,122496000.0,-9209000.0,,113287000,,113287000,-39782000.0,78899000,,77755000,77755000,TSS,2015-03-31
378227,USD,2015,Q2,2015-08-06,2016-08-05,182204000.0,183395000.0,692652000.0,-459960000.0,232692000.0,-102090000.0,-102090000.0,,,130602000.0,-10209000.0,,120393000,,120393000,-41597000.0,83375000,,82839000,82839000,TSS,2015-06-30
378227,USD,2015,Q3,2015-11-05,2016-11-04,182487000.0,182487000.0,707890000.0,-456465000.0,251425000.0,-88321000.0,-88321000.0,,,163104000.0,-8564000.0,,154540000,,154540000,-37825000.0,122051000,,120622000,120622000,TSS,2015-09-30
378227,USD,2015,Q4,2016-04-13,2018-02-23,182397000.0,180124000.0,716843000.0,-489051000.0,227792000.0,-109887000.0,-109887000.0,,,117905000.0,-12561000.0,,105344000,,105344000,-32160000.0,83305000,1411000.0,82828000,82828000,TSS,2015-12-31
378227,USD,2016,Q1,2016-05-05,2017-05-04,182177000.0,182807000.0,739378000.0,-484507000.0,254871000.0,-103184000.0,-103184000.0,,,151687000.0,-22098000.0,,129589000,,129589000,-43429000.0,92408000,,90628000,90628000,TSS,2016-03-31
378227,USD,2016,Q2,2016-08-05,2017-08-07,183724000.0,184598000.0,1151587000.0,-841923000.0,309664000.0,-173843000.0,-173843000.0,,,135821000.0,-29760000.0,,106061000,,106061000,-40290000.0,71748000,,69708000,69708000,TSS,2016-06-30
378227,USD,2016,Q3,2016-11-04,2017-11-07,183489000.0,183489000.0,1146888000.0,-840300000.0,306588000.0,-151261000.0,-151261000.0,,,155327000.0,-30368000.0,,124959000,,124959000,-44247000.0,87441000,,85352000,85352000,TSS,2016-09-30
378227,USD,2016,Q4,2017-04-12,2019-02-21,181586000.0,180082000.0,1132224000.0,-826332000.0,305892000.0,-175345000.0,-175345000.0,,,130547000.0,-30124000.0,,100423000,,100423000,-33209000.0,74375000,,73950000,73950000,TSS,2016-12-31
378227,USD,2017,Q1,2017-05-04,2017-05-04,183220000.0,184938000.0,1184725000.0,-861856000.0,322869000.0,-155686000.0,-155686000.0,,,167183000.0,-29903000.0,,137280000,,137280000,-43082000.0,107107000,,105868000,105868000,TSS,2017-03-31
378227,USD,2017,Q2,2017-08-07,2017-08-07,183741000.0,185287000.0,1222375000.0,-877887000.0,344488000.0,-151240000.0,-151240000.0,,,193248000.0,-30042000.0,,163206000,,163206000,-56207000.0,116512000,,115014000,115014000,TSS,2017-06-30
378227,USD,2017,Q3,2017-11-07,2017-11-07,183917000.0,185808000.0,1247576000.0,-898471000.0,349105000.0,-149413000.0,-149413000.0,,,199692000.0,-28835000.0,,170857000,,170857000,-54628000.0,124726000,,123095000,123095000,TSS,2017-09-30
378227,USD,2017,Q4,2018-04-16,2018-04-16,182358000.0,185687000.0,1273289000.0,-939106000.0,334183000.0,-160262000.0,-160262000.0,,,173921000.0,-27702000.0,,146219000,,146219000,88039000.0,243871000,,242208000,242208000,TSS,2017-12-31
378227,USD,2018,Q1,2018-05-08,2018-05-08,181395000.0,183298000.0,987170000.0,-613365000.0,373805000.0,-185534000.0,-185534000.0,,,188271000.0,-37642000.0,,150629000,,150629000,-18135000.0,143102000,,141841000,141841000,TSS,2018-03-31
378227,USD,2018,Q2,2018-08-07,2018-08-07,182279000.0,183575000.0,1007580000.0,-617818000.0,389762000.0,-181064000.0,-181064000.0,,,208698000.0,-41170000.0,,167528000,,167528000,-37415000.0,142435000,,142435000,142435000,TSS,2018-06-30
378227,USD,2018,Q3,2018-11-06,2018-11-06,182355000.0,183846000.0,1015371000.0,-624363000.0,391008000.0,-175025000.0,-175025000.0,,,215983000.0,-41294000.0,,174689000,,174689000,-31112000.0,155960000,,155960000,155960000,TSS,2018-09-30
378227,USD,2018,Q4,2019-04-11,2019-04-11,181795000.0,184957000.0,1018090000.0,-636936000.0,381154000.0,-171368000.0,-171368000.0,,,209786000.0,-42868000.0,,166918000,,166918000,-40341000.0,136420000,,136420000,136420000,TSS,2018-12-31
378227,USD,2019,Q1,2019-05-01,2019-05-01,178394000.0,179886000.0,1034531000.0,-632212000.0,402319000.0,-179049000.0,-179049000.0,,,223270000.0,-42991000.0,,180279000,,180279000,-29899000.0,161607000,,161607000,161607000,TSS,2019-03-31
