SimFinId,Currency,Fiscal Year,Fiscal Period,Publish Date,Restated Date,Shares (Basic),Shares (Diluted),Revenue,Cost of Revenue,Gross Profit,Operating Expenses,"Selling, General & Administrative",Research & Development,Depreciation & Amortization,Operating Income (Loss),Non-Operating Income (Loss),"Interest Expense, Net","Pretax Income (Loss), Adj.",Abnormal Gains (Losses),Pretax Income (Loss),"Income Tax (Expense) Benefit, Net",Income (Loss) from Continuing Operations,Net Extraordinary Gains (Losses),Net Income,Net Income (Common),Ticker,Report_Date
741324,USD,2009,Q2,2009-08-10,2010-08-09,446752000.0,447421000.0,2903701000.0,-388272000.0,2515429000.0,-2056265000.0,-155879000.0,,-245300000.0,459164000.0,-124204000.0,-79870000.0,334960000,-196405000.0,138555000,-75135000.0,63420000,,63420000,63420000,DISH,2009-06-30
741324,USD,2009,Q3,2009-11-09,2010-11-05,446823000.0,447431000.0,2892147000.0,-439590000.0,2452557000.0,-2125964000.0,-157648000.0,,-228395000.0,326593000.0,-93181000.0,-91266000.0,233412000,-131930000.0,101482000,-20989000.0,80493000,,80562000,80562000,DISH,2009-09-30
741324,USD,2009,Q4,2010-03-01,2012-02-23,447047000.0,451499000.0,2962982000.0,-419497000.0,2543485000.0,-2155851000.0,-152177000.0,,-243045000.0,387634000.0,-81737000.0,-108102000.0,305897000,-32689000.0,273208000,-94402000.0,178806000,,178879000,178879000,DISH,2009-12-31
741324,USD,2010,Q1,2010-05-10,2011-05-02,446732000.0,447530000.0,3057395000.0,-412013000.0,2645382000.0,-2158210000.0,-150820000.0,,-239662000.0,487172000.0,-102515000.0,-107170000.0,384657000,-30193000.0,354464000,-123549000.0,230915000,,230947000,230947000,DISH,2010-03-31
741324,USD,2010,Q2,2010-08-09,2011-08-09,447986000.0,448868000.0,3169042000.0,-405390000.0,2763652000.0,-2207133000.0,-155016000.0,,-264446000.0,556519000.0,-112104000.0,-108376000.0,444415000,-30709000.0,413706000,-156722000.0,256984000,,256990000,256990000,DISH,2010-06-30
741324,USD,2010,Q3,2010-11-05,2011-11-07,445662000.0,446332000.0,3207728000.0,-446473000.0,2761255000.0,-2215501000.0,-155425000.0,,-242859000.0,545754000.0,-80027000.0,-102354000.0,465727000,-91097000.0,374630000,-129652000.0,244978000,,244964000,244964000,DISH,2010-09-30
741324,USD,2010,Q4,2011-02-24,2013-02-20,443080000.0,443658000.0,3206579000.0,-389618000.0,2816961000.0,-2240122000.0,-164582000.0,,-236998000.0,576839000.0,-103977000.0,-111719000.0,472862000,-73457000.0,399405000,-147550000.0,251855000,,251828000,251828000,DISH,2010-12-31
741324,USD,2011,Q1,2011-05-02,2012-05-07,443360000.0,448850000.0,3224131000.0,-354899000.0,2869232000.0,-2226556000.0,-161784000.0,,-229697000.0,642676000.0,-102260000.0,-113893000.0,540416000,340677000.0,881093000,-331767000.0,549326000,,549394000,549394000,DISH,2011-03-31
741324,USD,2011,Q2,2011-08-09,2012-08-10,445579000.0,447297000.0,3590161000.0,-342801000.0,3247360000.0,-2505850000.0,-325262000.0,,-237049000.0,741510000.0,-154757000.0,-134963000.0,586753000,-23728000.0,563025000,-228187000.0,334838000,,334760000,334760000,DISH,2011-06-30
741324,USD,2011,Q3,2011-11-07,2012-11-06,446133000.0,447731000.0,3602651000.0,-394818000.0,3207833000.0,-2582994000.0,-382620000.0,,-229146000.0,624839000.0,-126776000.0,-147074000.0,498063000,,498063000,-179085000.0,318978000,,319099000,319099000,DISH,2011-09-30
741324,USD,2011,Q4,2012-02-23,2014-02-21,446664000.0,443582000.0,2657120000.0,-412613000.0,2244507000.0,-1641498000.0,232301000.0,,-216311000.0,603009000.0,-132051000.0,-128154000.0,470958000,0.0,470958000,-151726000.0,319232000,-6796000.0,312654000,312654000,DISH,2011-12-31
741324,USD,2012,Q1,2012-05-07,2013-05-09,447289000.0,449880000.0,3581869000.0,-399538000.0,3182331000.0,-2609920000.0,-376175000.0,,-208698000.0,572411000.0,-20642000.0,-130924000.0,551769000,,551769000,-191643000.0,360126000,,360310000,360310000,DISH,2012-03-31
741324,USD,2012,Q2,2012-08-10,2013-08-06,450292000.0,453077000.0,3571766000.0,-406642000.0,3165124000.0,-2696772000.0,-327667000.0,,-299119000.0,468352000.0,-96545000.0,-89097000.0,371807000,,371807000,-146211000.0,225596000,,225732000,225732000,DISH,2012-06-30
741324,USD,2012,Q3,2012-11-06,2013-11-12,451042000.0,451042000.0,3523347000.0,-455469000.0,3067878000.0,-2610450000.0,-330364000.0,,-235403000.0,457428000.0,-39683000.0,-109514000.0,417745000,-730457000.0,-312712000,149383000.0,-163329000,,-158461000,-158461000,DISH,2012-09-30
741324,USD,2012,Q4,2013-02-20,2015-02-23,452433000.0,457597000.0,2504352000.0,-425678000.0,2078674000.0,-1588050000.0,312161000.0,,-221264000.0,490624000.0,-106578000.0,-107610000.0,384046000,0.0,384046000,-143520000.0,240526000,-37179000.0,209106000,209106000,DISH,2012-12-31
741324,USD,2013,Q1,2013-05-09,2014-05-08,453242000.0,456192000.0,3375530000.0,-463900000.0,2911630000.0,-2460013000.0,-173269000.0,,-230170000.0,451617000.0,-112964000.0,-124364000.0,338653000,,338653000,-126419000.0,212234000,-1558000.0,215598000,215598000,DISH,2013-03-31
741324,USD,2013,Q2,2013-08-06,2014-08-06,455452000.0,455452000.0,3485774000.0,-434536000.0,3051238000.0,-2588452000.0,-202200000.0,,-304642000.0,462786000.0,-74288000.0,-170986000.0,388498000,-437575000.0,-49077000,40357000.0,-8720000,-6354000.0,-11052000,-11052000,DISH,2013-06-30
741324,USD,2013,Q3,2013-11-12,2014-11-04,457377000.0,460715000.0,3505021000.0,-496318000.0,3008703000.0,-2588309000.0,-191427000.0,,-253036000.0,420394000.0,-38930000.0,-149427000.0,381464000,,381464000,-38140000.0,343324000,-32334000.0,314908000,314908000,DISH,2013-09-30
741324,USD,2013,Q4,2014-04-29,2016-02-18,458105000.0,464305000.0,3538540000.0,-448116000.0,3090424000.0,-2639467000.0,-209815000.0,,-266178000.0,450957000.0,14918000.0,-151343000.0,465875000,0.0,465875000,-175624000.0,290251000,-7097000.0,288038000,288038000,DISH,2013-12-31
741324,USD,2014,Q1,2014-05-08,2015-05-11,458422000.0,461361000.0,3594198000.0,-449146000.0,3145052000.0,-2698754000.0,-203113000.0,,-249220000.0,446298000.0,-167019000.0,-161830000.0,279279000,,279279000,-108462000.0,170817000,,175931000,175931000,DISH,2014-03-31
741324,USD,2014,Q2,2014-08-06,2015-08-05,459863000.0,462607000.0,3688119000.0,-456462000.0,3231657000.0,-2776913000.0,-189660000.0,,-271895000.0,454744000.0,-125723000.0,-134557000.0,329021000,,329021000,-121892000.0,207129000,,213313000,213313000,DISH,2014-06-30
741324,USD,2014,Q3,2014-11-04,2015-11-09,460754000.0,463202000.0,3679351000.0,-486523000.0,3192828000.0,-2804319000.0,-196376000.0,,-269890000.0,388509000.0,-185385000.0,-129296000.0,203124000,,203124000,-60089000.0,143035000,,145519000,145519000,DISH,2014-09-30
741324,USD,2014,Q4,2015-04-30,2017-02-22,461465000.0,464538000.0,3681719000.0,-419187000.0,3262532000.0,-2727632000.0,-226596000.0,,-286931000.0,534900000.0,-140582000.0,-123685000.0,394318000,,394318000,13603000.0,407921000,,409930000,409930000,DISH,2014-12-31
741324,USD,2015,Q1,2015-05-11,2016-04-20,462090000.0,464046000.0,3724228000.0,-405691000.0,3318537000.0,-2834674000.0,-199408000.0,,-246212000.0,483863000.0,-27530000.0,-147819000.0,456333000,,456333000,-103081000.0,353252000,,351485000,351485000,DISH,2015-03-31
741324,USD,2015,Q2,2015-08-05,2016-07-21,462929000.0,464635000.0,3832425000.0,-405701000.0,3426724000.0,-2892737000.0,-176066000.0,,-262886000.0,533987000.0,-13657000.0,-149135000.0,520330000,,520330000,-188004000.0,332326000,,324423000,324423000,DISH,2015-06-30
741324,USD,2015,Q3,2015-11-09,2016-11-09,463190000.0,464702000.0,3733565000.0,-456622000.0,3276943000.0,-2835223000.0,-186654000.0,,-252197000.0,441720000.0,-110779000.0,-139561000.0,330941000,,330941000,-128331000.0,202610000,,196479000,196479000,DISH,2015-09-30
741324,USD,2015,Q4,2016-02-18,2018-02-21,463771000.0,465405000.0,3935275000.0,-396086000.0,3539189000.0,-3423735000.0,-196857000.0,,-202062000.0,115454000.0,-41210000.0,-38040000.0,74244000,-146652000.0,-72408000,26246000.0,-46162000,,-70013000,-70013000,DISH,2015-12-31
741324,USD,2016,Q1,2016-04-20,2017-05-01,464375000.0,465219000.0,3827474000.0,-376393000.0,3451081000.0,-2867663000.0,-201001000.0,,-227566000.0,583418000.0,70166000.0,3249000.0,653584000,,653584000,-241640000.0,411944000,,399891000,399891000,DISH,2016-03-31
741324,USD,2016,Q2,2016-07-21,2017-08-03,464803000.0,465640000.0,3864591000.0,-349449000.0,3515142000.0,-2874860000.0,-182145000.0,,-239585000.0,640282000.0,50955000.0,5579000.0,691237000,,691237000,-253175000.0,438062000,,424103000,424103000,DISH,2016-06-30
741324,USD,2016,Q3,2016-11-09,2017-11-09,464927000.0,492969000.0,3767472000.0,-402664000.0,3364808000.0,-2842146000.0,-190707000.0,,-223998000.0,522662000.0,-7935000.0,-12322000.0,514727000,,514727000,-181752000.0,332975000,,318452000,318452000,DISH,2016-09-30
741324,USD,2016,Q4,2017-02-22,2018-02-21,465123000.0,512820000.0,3752765000.0,-327986000.0,3424779000.0,-2830732000.0,-162101000.0,,-230053000.0,594047000.0,-15844000.0,-18479000.0,578203000,-21148000.0,557055000,-189251000.0,367804000,,355493000,355493000,DISH,2016-12-31
741324,USD,2017,Q1,2017-05-01,2018-05-08,465412000.0,514443000.0,3680361000.0,-290034000.0,3390327000.0,-2783007000.0,-131035000.0,,-204630000.0,607320000.0,-10133000.0,-14878000.0,597187000,,597187000,-207112000.0,390075000,,375715000,375715000,DISH,2017-03-31
741324,USD,2017,Q2,2017-08-03,2018-08-03,466019000.0,466935000.0,3643632000.0,-275460000.0,3368172000.0,-2820374000.0,-179812000.0,,-211671000.0,547798000.0,-10655000.0,-13822000.0,537143000,-295695000.0,241448000,-182686000.0,58762000,,40116000,40116000,DISH,2017-06-30
741324,USD,2017,Q3,2017-11-09,2017-11-09,466240000.0,525246000.0,3583454000.0,-318811000.0,3264643000.0,-2815592000.0,-186954000.0,,-209324000.0,449051000.0,43131000.0,2870000.0,492182000,,492182000,-176917000.0,315265000,,297375000,297375000,DISH,2017-09-30
741324,USD,2017,Q4,2018-02-21,2018-02-21,466413000.0,583760000.0,3483928000.0,-319956000.0,3163972000.0,-2758763000.0,-189253000.0,,-191939000.0,405209000.0,59979000.0,3664000.0,465188000,-145918000.0,319270000,1082035000.0,1401305000,,1385483000,1385483000,DISH,2017-12-31
741324,USD,2018,Q1,2018-05-08,2018-05-08,466642000.0,525309000.0,3458487000.0,-196011000.0,3262476000.0,-2732970000.0,-169777000.0,,-192972000.0,529506000.0,-28448000.0,6360000.0,501058000,,501058000,-115737000.0,385321000,,367560000,367560000,DISH,2018-03-31
741324,USD,2018,Q2,2018-08-03,2018-08-03,467425000.0,525849000.0,3460845000.0,-183262000.0,3277583000.0,-2704923000.0,-190625000.0,,-172702000.0,572660000.0,29186000.0,7754000.0,601846000,,601846000,-141560000.0,460286000,,438717000,438717000,DISH,2018-06-30
741324,USD,2018,Q3,2018-11-07,2018-11-07,467570000.0,525995000.0,3395141000.0,-186878000.0,3208263000.0,-2645560000.0,-169299000.0,,-175285000.0,562703000.0,30585000.0,5112000.0,593288000,,593288000,-140690000.0,452598000,,431734000,431734000,DISH,2018-09-30
741324,USD,2018,Q4,2019-02-13,2019-02-13,467763000.0,526175000.0,3306829000.0,-8758225000.0,-5451396000.0,5934148000.0,-907580000.0,,-171065000.0,482752000.0,10231000.0,10527000.0,492983000,,492983000,-135697000.0,357286000,,337080000,337080000,DISH,2018-12-31
741324,USD,2019,Q1,2019-05-03,2019-05-03,467953000.0,526219000.0,3187144000.0,-193899000.0,2993245000.0,-2536945000.0,-198914000.0,,-153139000.0,456300000.0,18334000.0,9246000.0,474634000,,474634000,-113335000.0,361299000,,339761000,339761000,DISH,2019-03-31
741324,USD,2019,Q2,2019-07-29,2019-07-29,469655000.0,527983000.0,3211312000.0,-238078000.0,2973234000.0,-2542502000.0,-202758000.0,,-149702000.0,430732000.0,15658000.0,12826000.0,446390000,,446390000,-105824000.0,340566000,,317043000,317043000,DISH,2019-06-30
741324,USD,2019,Q3,2019-11-07,2019-11-07,477495000.0,535746000.0,3168363000.0,-285801000.0,2882562000.0,-2413670000.0,-176635000.0,,-154181000.0,468892000.0,24478000.0,26274000.0,493370000,,493370000,-116213000.0,377157000,,353304000,353304000,DISH,2019-09-30
741324,USD,2019,Q4,2020-02-19,2020-02-19,503525000.0,561908000.0,3240865000.0,-7852384000.0,-4611519000.0,5134471000.0,-1149762000.0,,-173555000.0,522952000.0,6581000.0,5181000.0,529533000,,529533000,-115986000.0,413547000,,389404000,389404000,DISH,2019-12-31
741324,USD,2020,Q1,2020-05-07,2021-04-29,523152000.0,581381000.0,3217389000.0,-2052066000.0,1165323000.0,-664827000.0,-456297000.0,,-166820000.0,500496000.0,202000.0,-1390000.0,500698000,-356418000.0,144280000,-45006000.0,99274000,,73099000,73099000,DISH,2020-03-31
