SimFinId,Currency,Fiscal Year,Fiscal Period,Publish Date,Restated Date,Shares (Basic),Shares (Diluted),Revenue,Cost of Revenue,Gross Profit,Operating Expenses,"Selling, General & Administrative",Research & Development,Depreciation & Amortization,Operating Income (Loss),Non-Operating Income (Loss),"Interest Expense, Net","Pretax Income (Loss), Adj.",Abnormal Gains (Losses),Pretax Income (Loss),"Income Tax (Expense) Benefit, Net",Income (Loss) from Continuing Operations,Net Extraordinary Gains (Losses),Net Income,Net Income (Common),Ticker,Report_Date
674540,USD,2015,Q3,2015-08-03,2016-08-03,62200000.0,62200000.0,374300000.0,-203500000.0,170800000.0,-149800000.0,-143300000.0,-6500000.0,,21000000.0,-31700000.0,-37500000.0,-10700000,-29800000.0,-40500000,20900000.0,-19600000,,-19600000,-19600000,ENR,2015-06-30
674540,USD,2015,Q4,2015-11-03,2017-11-14,62200000.0,62200000.0,399100000.0,-216000000.0,183100000.0,-142900000.0,-137100000.0,-5800000.0,0.0,40200000.0,-6200000.0,-12700000.0,34000000,-3900000.0,30100000,-7000000.0,23100000,,23100000,23100000,ENR,2015-09-30
674540,USD,2016,Q1,2016-02-03,2017-02-01,62000000.0,62300000.0,506800000.0,-277000000.0,229800000.0,-119900000.0,-113800000.0,-6100000.0,0.0,109900000.0,-12300000.0,-12900000.0,97600000,-3100000.0,94500000,-29000000.0,65500000,,65500000,65500000,ENR,2015-12-31
674540,USD,2016,Q2,2016-05-04,2017-05-03,61800000.0,62300000.0,334000000.0,-192400000.0,141600000.0,-107900000.0,-101500000.0,-6400000.0,0.0,33700000.0,-13200000.0,-13100000.0,20500000,500000.0,21000000,-4600000.0,16400000,,16400000,16400000,ENR,2016-03-31
674540,USD,2016,Q3,2016-08-03,2017-08-02,61800000.0,62700000.0,361000000.0,-207300000.0,153700000.0,-116400000.0,-109800000.0,-6600000.0,0.0,37300000.0,-12700000.0,-13100000.0,24600000,-900000.0,23700000,500000.0,24200000,,24200000,24200000,ENR,2016-06-30
674540,USD,2016,Q4,2016-11-15,2017-11-14,62000000.0,62700000.0,432400000.0,-245100000.0,187300000.0,-140200000.0,-129900000.0,-7500000.0,-2800000.0,47100000.0,-15800000.0,-15200000.0,31300000,-4800000.0,26500000,-4900000.0,21600000,,21600000,21600000,ENR,2016-09-30
674540,USD,2017,Q1,2017-02-01,2018-01-31,61800000.0,62900000.0,559600000.0,-288000000.0,271600000.0,-127100000.0,-118700000.0,-5800000.0,-2600000.0,144500000.0,-11700000.0,-13300000.0,132800000,1300000.0,134100000,-38500000.0,95600000,,95600000,95600000,ENR,2016-12-31
674540,USD,2017,Q2,2017-05-03,2018-05-02,61800000.0,62800000.0,359000000.0,-191100000.0,167900000.0,-117400000.0,-109300000.0,-5100000.0,-3000000.0,50500000.0,-8900000.0,-13100000.0,41600000,17700000.0,59300000,-12400000.0,46900000,,46900000,46900000,ENR,2017-03-31
674540,USD,2017,Q3,2017-08-02,2017-08-02,61800000.0,62800000.0,372000000.0,-214000000.0,158000000.0,-111300000.0,-103400000.0,-5100000.0,-2800000.0,46700000.0,-17900000.0,-13300000.0,28800000,1700000.0,30500000,-5600000.0,24900000,,24900000,24900000,ENR,2017-06-30
674540,USD,2017,Q4,2017-11-14,2017-11-14,61400000.0,61900000.0,465100000.0,-251300000.0,213800000.0,-143100000.0,-134300000.0,-6000000.0,-2800000.0,70700000.0,-21300000.0,-13400000.0,49400000,0.0,49400000,-15300000.0,34100000,,34100000,34100000,ENR,2017-09-30
674540,USD,2018,Q1,2018-01-31,2018-01-31,60200000.0,61500000.0,573300000.0,-295000000.0,278300000.0,-144600000.0,-136500000.0,-5300000.0,-2800000.0,133700000.0,-14700000.0,-13400000.0,119000000,0.0,119000000,-58600000.0,60400000,,60400000,60400000,ENR,2017-12-31
674540,USD,2018,Q2,2018-05-02,2018-05-02,59700000.0,61100000.0,374400000.0,-205900000.0,168500000.0,-133300000.0,-125100000.0,-5400000.0,-2800000.0,35200000.0,-17400000.0,-16500000.0,17800000,0.0,17800000,-10000000.0,7800000,,7800000,7800000,ENR,2018-03-31
674540,USD,2018,Q3,2018-08-01,2018-08-01,59700000.0,61400000.0,392800000.0,-216700000.0,176100000.0,-142800000.0,-134800000.0,-5200000.0,-2800000.0,33300000.0,-6400000.0,-17700000.0,26900000,4600000.0,31500000,-7700000.0,23800000,,23800000,23800000,ENR,2018-06-30
674540,USD,2018,Q4,2018-11-16,2018-11-16,59600000.0,61600000.0,457200000.0,-249200000.0,208000000.0,-147800000.0,-138200000.0,-6500000.0,-3100000.0,60200000.0,-53300000.0,-50800000.0,6900000,0.0,6900000,-5400000.0,1500000,,1500000,1500000,ENR,2018-09-30
674540,USD,2019,Q1,2019-02-05,2019-02-05,59700000.0,61000000.0,571900000.0,-296400000.0,275500000.0,-154200000.0,-145500000.0,-5500000.0,-3200000.0,121300000.0,-31300000.0,-48200000.0,90000000,,90000000,-19200000.0,70800000,,70800000,70800000,ENR,2018-12-31
674540,USD,2019,Q2,2019-05-08,2019-05-08,67300000.0,67300000.0,556400000.0,-362200000.0,194200000.0,-187200000.0,-166000000.0,-8700000.0,-12500000.0,7000000.0,-81000000.0,-77200000.0,-74000000,,-74000000,11700000.0,-62300000,-11000000.0,-73300000,-73300000,ENR,2019-03-31
674540,USD,2019,Q3,2019-08-07,2019-08-07,69600000.0,70600000.0,647200000.0,-400900000.0,246300000.0,-185800000.0,-161900000.0,-9500000.0,-14400000.0,60500000.0,-51100000.0,-51900000.0,9400000,,9400000,-200000.0,9200000,-1800000.0,7400000,7400000,ENR,2019-06-30
674540,USD,2019,Q4,2019-11-19,2019-11-19,69000000.0,70300000.0,719000000.0,-431200000.0,287800000.0,-191800000.0,-169600000.0,-9100000.0,-13100000.0,96000000.0,-48300000.0,-48700000.0,47700000,0.0,47700000,-700000.0,47000000,-800000.0,46200000,34200000,ENR,2019-09-30
674540,USD,2020,Q1,2020-02-05,2021-02-08,69100000.0,70200000.0,736800000.0,-435500000.0,301300000.0,-191600000.0,-168900000.0,-8900000.0,-13800000.0,109700000.0,-46800000.0,-46800000.0,62900000,-4200000.0,58700000,-12900000.0,45800000,300000.0,46100000,42100000,ENR,2019-12-31
674540,USD,2020,Q2,2020-05-07,2021-05-10,69100000.0,69500000.0,587000000.0,-351400000.0,235600000.0,-161400000.0,-138900000.0,-8300000.0,-14200000.0,74200000.0,-52300000.0,-47200000.0,21900000,,21900000,-8199999.0,13700001,-131400000.0,-117699999,-121799998,ENR,2020-03-31
