SimFinId,Currency,Fiscal Year,Fiscal Period,Publish Date,Restated Date,Shares (Basic),Shares (Diluted),Revenue,Cost of Revenue,Gross Profit,Operating Expenses,"Selling, General & Administrative",Research & Development,Depreciation & Amortization,Operating Income (Loss),Non-Operating Income (Loss),"Interest Expense, Net","Pretax Income (Loss), Adj.",Abnormal Gains (Losses),Pretax Income (Loss),"Income Tax (Expense) Benefit, Net",Income (Loss) from Continuing Operations,Net Extraordinary Gains (Losses),Net Income,Net Income (Common),Ticker,Report_Date
709578,USD,2010,Q2,2010-08-06,2011-08-08,43460458.0,43557788.0,211397000.0,-70304000.0,141093000.0,-100616000.0,,,-20167000.0,40477000.0,-7305000.0,-10474000.0,33172000,,33172000,-11665000.0,21507000,,21507000,21507000,EE,2010-06-30
709578,USD,2010,Q3,2010-11-08,2011-11-07,42921044.0,43103698.0,280342000.0,-88523000.0,191819000.0,-107721000.0,,,-20685000.0,84098000.0,-7030000.0,-10638000.0,77068000,10286000.0,87354000,-27172000.0,60182000,,60182000,60182000,EE,2010-09-30
709578,USD,2010,Q4,2011-02-28,2013-02-25,42398491.0,42652388.0,181344000.0,-54978000.0,126366000.0,-112582000.0,,,-20875000.0,13784000.0,-6129000.0,-10364000.0,7655000,0.0,7655000,-190000.0,7465000,,7465000,7465000,EE,2010-12-31
709578,USD,2011,Q1,2011-05-06,2012-05-04,42308097.0,42523285.0,176112000.0,-61233000.0,114879000.0,-100406000.0,,,-20936000.0,14473000.0,-5699000.0,-10690000.0,8774000,0.0,8774000,-1999000.0,6775000,,6775000,6775000,EE,2011-03-31
709578,USD,2011,Q2,2011-08-08,2012-08-03,41853552.0,42076659.0,242605000.0,-77615000.0,164990000.0,-106869000.0,,,-19524000.0,58121000.0,-8389000.0,-11293000.0,49732000,,49732000,-16742000.0,32990000,,32990000,32990000,EE,2011-06-30
709578,USD,2011,Q3,2011-11-07,2012-11-02,41307632.0,41564973.0,307633000.0,-98879000.0,208754000.0,-106539000.0,,,-20315000.0,102215000.0,-10226000.0,-11688000.0,91989000,,91989000,-33668000.0,58321000,,58321000,58321000,EE,2011-09-30
709578,USD,2011,Q4,2012-02-27,2014-02-26,39930251.0,40183319.0,191663000.0,-60929000.0,130734000.0,-114740000.0,,,-20556000.0,15994000.0,-9242000.0,-11408000.0,6752000,0.0,6752000,-1299000.0,5453000,,5453000,5453000,EE,2011-12-31
709578,USD,2012,Q1,2012-05-04,2013-05-08,39911032.0,39999509.0,168578000.0,-51993000.0,116585000.0,-104543000.0,,,-20518000.0,12042000.0,-7921000.0,-11241000.0,4121000,,4121000,-777000.0,3344000,,3344000,3344000,EE,2012-03-31
709578,USD,2012,Q2,2012-08-03,2013-08-06,39958149.0,40040776.0,228252000.0,-63888000.0,164364000.0,-107852000.0,,,-19603000.0,56512000.0,-9248000.0,-11274000.0,47264000,,47264000,-16370000.0,30894000,,30894000,30894000,EE,2012-06-30
709578,USD,2012,Q3,2012-11-02,2013-11-07,40009866.0,40091625.0,267249000.0,-72555000.0,194694000.0,-108298000.0,,,-19208000.0,86396000.0,-6448000.0,-11291000.0,79948000,,79948000,-28159000.0,51789000,,51789000,51789000,EE,2012-09-30
709578,USD,2012,Q4,2013-02-25,2015-02-27,40017041.0,40090414.0,188802000.0,-62891000.0,125911000.0,-112203000.0,,,-19227000.0,13708000.0,-7216000.0,-11131000.0,6492000,,6492000,-1673000.0,4819000,,4819000,4819000,EE,2012-12-31
709578,USD,2013,Q1,2013-05-08,2014-05-08,40078061.0,40078061.0,177290000.0,-57276000.0,120014000.0,-100669000.0,,,-19368000.0,19345000.0,-8396000.0,-11820000.0,10949000,,10949000,-3315000.0,7634000,,7634000,7634000,EE,2013-03-31
709578,USD,2013,Q2,2013-08-06,2014-08-07,40111757.0,40159970.0,240114000.0,-77343000.0,162771000.0,-108427000.0,,,-19562000.0,54344000.0,-9222000.0,-11939000.0,45122000,,45122000,-15929000.0,29193000,,29193000,29193000,EE,2013-06-30
709578,USD,2013,Q3,2013-11-07,2014-11-06,40132250.0,40132250.0,282661000.0,-86663000.0,195998000.0,-110102000.0,,,-20416000.0,85896000.0,-8247000.0,-12095000.0,77649000,,77649000,-27084000.0,50565000,,50565000,50565000,EE,2013-09-30
709578,USD,2013,Q4,2014-02-26,2016-02-29,40136308.0,40136307.0,190297000.0,-67849000.0,122448000.0,-116398000.0,,,-20280000.0,6050000.0,-7532000.0,-11858000.0,-1482000,,-1482000,2673000.0,1191000,,1191000,1191000,EE,2013-12-31
709578,USD,2014,Q1,2014-05-08,2015-05-07,40149083.0,40149083.0,185516000.0,-69501000.0,116015000.0,-106350000.0,,,-20568000.0,9665000.0,-3577000.0,-11822000.0,6088000,,6088000,-1473000.0,4615000,,4615000,4615000,EE,2014-03-31
709578,USD,2014,Q2,2014-08-07,2015-08-07,40180569.0,40212403.0,251801000.0,-87800000.0,164001000.0,-112870000.0,,,-21083000.0,51131000.0,-6272000.0,-11647000.0,44859000,,44859000,-14763000.0,30096000,,30096000,30096000,EE,2014-06-30
709578,USD,2014,Q3,2014-11-06,2015-11-06,40213741.0,40264810.0,283645000.0,-88594000.0,195051000.0,-113555000.0,,,-20685000.0,81496000.0,-6358000.0,-11595000.0,75138000,,75138000,-22662000.0,52476000,,52476000,52476000,EE,2014-09-30
709578,USD,2014,Q4,2015-02-27,2017-02-24,40220571.0,40220572.0,196563000.0,-69914000.0,126649000.0,-117778000.0,,,-21006000.0,8871000.0,-2440000.0,-11754000.0,6431000,,6431000,-2190000.0,4241000,,4241000,4241000,EE,2014-12-31
709578,USD,2015,Q1,2015-05-07,2016-05-06,40243199.0,40266674.0,163746000.0,-48904000.0,114842000.0,-106882000.0,,,-21565000.0,7960000.0,-3518000.0,-12736000.0,4442000,,4442000,-984000.0,3458000,,3458000,3458000,EE,2015-03-31
709578,USD,2015,Q2,2015-08-07,2016-08-05,40269885.0,40302694.0,219508000.0,-61555000.0,157953000.0,-116081000.0,,,-23135000.0,41872000.0,-11295000.0,-14197000.0,30577000,,30577000,-9505000.0,21072000,,21072000,21072000,EE,2015-06-30
709578,USD,2015,Q3,2015-11-06,2016-11-04,40289010.0,40329529.0,289713000.0,-80318000.0,209395000.0,-121348000.0,,,-22380000.0,88047000.0,-6707000.0,-14328000.0,81340000,,81340000,-24600000.0,56740000,,56740000,56740000,EE,2015-09-30
709578,USD,2015,Q4,2016-02-29,2018-02-28,40297850.0,40335351.0,176902000.0,-51168000.0,125734000.0,-117422000.0,,,-22744000.0,8312000.0,-7858000.0,-13998000.0,454000,,454000,194000.0,648000,,648000,648000,EE,2015-12-31
709578,USD,2016,Q1,2016-05-06,2017-05-05,40325324.0,40325324.0,157809000.0,-43965000.0,113844000.0,-114007000.0,,,-23293000.0,-163000.0,-8806000.0,-14261000.0,-8969000,,-8969000,3161000.0,-5808000,,-5808000,-5808000,EE,2016-03-31
709578,USD,2016,Q2,2016-08-05,2017-08-04,40345150.0,40399491.0,217865000.0,-56753000.0,161112000.0,-116415000.0,,,-23852000.0,44697000.0,-10963000.0,-15942000.0,33734000,,33734000,-11450000.0,22284000,,22284000,22284000,EE,2016-06-30
709578,USD,2016,Q3,2016-11-04,2017-11-03,40363819.0,40425942.0,323225000.0,-78814000.0,244411000.0,-114554000.0,,,-15952000.0,129857000.0,-12087000.0,-16218000.0,117770000,,117770000,-43134000.0,74636000,,74636000,74636000,EE,2016-09-30
709578,USD,2016,Q4,2017-02-24,2019-02-28,40368459.0,40481375.0,188037000.0,-369643000.0,-181606000.0,195126000.0,,,-21220000.0,13520000.0,-5369000.0,-32659000.0,8151000,,8151000,-2495000.0,5656000,,5656000,5656000,EE,2016-12-31
709578,USD,2017,Q1,2017-05-05,2018-05-04,40387235.0,40387235.0,171335000.0,-129466000.0,41869000.0,-37664000.0,,,-21934000.0,4205000.0,-10482000.0,-20627000.0,-6277000,,-6277000,2288000.0,-3989000,,-3989000,-3989000,EE,2017-03-31
709578,USD,2017,Q2,2017-08-04,2018-08-03,40409030.0,40525585.0,251843000.0,-148167000.0,103676000.0,-39760000.0,,,-22495000.0,63916000.0,-8070000.0,-21080000.0,55846000,,55846000,-19780000.0,36066000,,36066000,36066000,EE,2017-06-30
709578,USD,2017,Q3,2017-11-03,2018-11-02,40427589.0,40551315.0,297470000.0,-150004000.0,147466000.0,-43778000.0,,,-22565000.0,103688000.0,-11472000.0,-21024000.0,92216000,,92216000,-32532000.0,59684000,,59684000,59684000,EE,2017-09-30
709578,USD,2017,Q4,2018-02-28,2019-02-28,40434370.0,40676629.0,196149000.0,-137395000.0,58754000.0,-40504000.0,,,-23849000.0,18250000.0,-10770000.0,-20412000.0,7480000,,7480000,-980000.0,6500000,,6500000,6500000,EE,2017-12-31
709578,USD,2018,Q1,2018-05-04,2018-05-04,40491194.0,40491194.0,175713000.0,-132348000.0,43365000.0,-39321000.0,,,-23814000.0,4044000.0,-14062000.0,-20530000.0,-10018000,,-10018000,3052000.0,-6966000,,-6966000,-6966000,EE,2018-03-31
709578,USD,2018,Q2,2018-08-03,2018-08-03,40517713.0,40647799.0,236796000.0,-142318000.0,94478000.0,-41339000.0,,,-23958000.0,53139000.0,-9079000.0,-21172000.0,44060000,,44060000,-10765000.0,33295000,,33295000,33295000,EE,2018-06-30
709578,USD,2018,Q3,2018-11-02,2018-11-02,40535489.0,40697047.0,300271000.0,-154441000.0,145830000.0,-45897000.0,,,-24169000.0,99933000.0,-3948000.0,-21361000.0,95985000,,95985000,-22714000.0,73271000,,73271000,73271000,EE,2018-09-30
709578,USD,2018,Q4,2019-02-28,2019-02-28,40541060.0,40734520.0,190823000.0,-134885000.0,55938000.0,-40825000.0,,,-24441000.0,15113000.0,-34457000.0,-21156000.0,-19344000,,-19344000,4059000.0,-15285000,,-15285000,-15285000,EE,2018-12-31
709578,USD,2019,Q1,2019-05-08,2019-05-08,40582936.0,40663753.0,174363000.0,-48326000.0,126037000.0,-121728000.0,,,-25126000.0,4309000.0,3681000.0,-21718000.0,7990000,,7990000,-1901000.0,6089000,,6089000,6089000,EE,2019-03-31
709578,USD,2019,Q2,2019-08-07,2019-08-07,40602343.0,40696007.0,203075000.0,-32106000.0,170969000.0,-124631000.0,,,-25220000.0,46338000.0,-7264000.0,-21554000.0,39074000,-5675000.0,33399000,-7273000.0,26126000,,26126000,26126000,EE,2019-06-30
709578,USD,2019,Q3,2019-11-07,2019-11-07,40616532.0,40679868.0,294453000.0,-50583000.0,243870000.0,-129843000.0,,,-25704000.0,114027000.0,-9060000.0,-21665000.0,104967000,-3798000.0,101169000,-23289000.0,77880000,,77880000,77880000,EE,2019-09-30
709578,USD,2019,Q4,2020-04-24,2020-04-24,40620577.0,40685256.0,190103000.0,-44906000.0,145197000.0,-131778000.0,,,-26022000.0,13419000.0,3728000.0,-21473000.0,17147000,-2637000.0,14510000,-1568000.0,12942000,,12942000,12942000,EE,2019-12-31
