SimFinId,Currency,Fiscal Year,Fiscal Period,Publish Date,Restated Date,Shares (Basic),Shares (Diluted),Revenue,Cost of Revenue,Gross Profit,Operating Expenses,"Selling, General & Administrative",Research & Development,Depreciation & Amortization,Operating Income (Loss),Non-Operating Income (Loss),"Interest Expense, Net","Pretax Income (Loss), Adj.",Abnormal Gains (Losses),Pretax Income (Loss),"Income Tax (Expense) Benefit, Net",Income (Loss) from Continuing Operations,Net Extraordinary Gains (Losses),Net Income,Net Income (Common),Ticker,Report_Date
675964,USD,2011,Q2,2011-08-10,2012-08-07,30543037.0,30543000.0,84268000.0,-55854000.0,28414000.0,-26053000.0,-22773000.0,,-1363000.0,2361000.0,-138000.0,-185000.0,2223000,-4592000.0,-2369000,-195000.0,-2564000,,-2564000,-2564000,PRTS,2011-06-30
675964,USD,2011,Q3,2011-11-09,2012-11-06,30571000.0,30571000.0,78593000.0,-54248000.0,24345000.0,-25112000.0,-23098000.0,,-338000.0,-767000.0,-90000.0,-291000.0,-857000,-4449000.0,-5306000,-2000.0,-5308000,,-5308000,-5308000,PRTS,2011-09-30
675964,USD,2011,Q4,2012-03-26,2014-03-12,30618000.0,30620000.0,77233000.0,-53408000.0,23825000.0,-22142000.0,-20054000.0,,-345000.0,1683000.0,-176000.0,-261000.0,1507000,-10254000.0,-8747000,1727000.0,-7020000,,-7020000,-7020000,PRTS,2011-12-31
675964,USD,2012,Q1,2012-05-09,2013-05-08,30638000.0,30638000.0,87436000.0,-60808000.0,26628000.0,-21196000.0,-19320000.0,,-340000.0,5432000.0,-178000.0,-209000.0,5254000,-5918000.0,-664000,-124000.0,-788000,,-788000,-788000,PRTS,2012-03-31
675964,USD,2012,Q2,2012-08-07,2013-08-06,30651000.0,30651000.0,80719000.0,-56378000.0,24341000.0,-19733000.0,-17692000.0,,-341000.0,4608000.0,-177000.0,-181000.0,4431000,-5999000.0,-1568000,-128000.0,-1696000,,-1696000,-1696000,PRTS,2012-06-30
675964,USD,2012,Q3,2012-11-06,2013-11-06,30854000.0,30854000.0,73014000.0,-50121000.0,22893000.0,-19756000.0,-17835000.0,,-331000.0,3137000.0,-122000.0,-121000.0,3015000,-5685000.0,-2670000,-41000.0,-2711000,,-2711000,-2711000,PRTS,2012-09-30
675964,USD,2012,Q4,2013-04-26,2015-03-20,31129000.0,31129000.0,62848000.0,-45072000.0,17776000.0,-18051000.0,-16426000.0,,-177000.0,-275000.0,-288000.0,-274000.0,-563000,-31450000.0,-32013000,1230000.0,-30783000,,-30783000,-30783000,PRTS,2012-12-31
675964,USD,2013,Q1,2013-05-08,2014-05-07,31141000.0,31141000.0,65405000.0,-45667000.0,19738000.0,-17499000.0,-15878000.0,,-106000.0,2239000.0,-180000.0,-187000.0,2059000,-5381000.0,-3322000,-21000.0,-3343000,,-3343000,-3343000,PRTS,2013-03-31
675964,USD,2013,Q2,2013-08-06,2014-08-06,33119000.0,33119000.0,67889000.0,-48876000.0,19013000.0,-17287000.0,-15864000.0,,-107000.0,1726000.0,-156000.0,-228000.0,1570000,-11068000.0,-9498000,-69000.0,-9567000,,-9567000,-9567000,PRTS,2013-06-30
675964,USD,2013,Q3,2013-11-06,2014-11-04,33218000.0,33218000.0,61724000.0,-43817000.0,17907000.0,-14936000.0,-13646000.0,,-86000.0,2971000.0,-152000.0,-287000.0,2819000,-4217000.0,-1398000,-1000.0,-1399000,,-1399000,-1399000,PRTS,2013-09-30
675964,USD,2013,Q4,2014-03-12,2016-03-11,33310000.0,33310000.0,59735000.0,-42260000.0,17475000.0,-14399000.0,-13224000.0,,-82000.0,3076000.0,-336000.0,-270000.0,2740000,-4113000.0,-1373000,48000.0,-1325000,,-1325000,-1325000,PRTS,2013-12-31
675964,USD,2014,Q1,2014-05-07,2015-05-13,33384000.0,34158000.0,68028000.0,-47327000.0,20701000.0,-15494000.0,-14262000.0,,-84000.0,5207000.0,-262000.0,-259000.0,4945000,-4712000.0,233000,-32000.0,201000,,201000,201000,PRTS,2014-03-31
675964,USD,2014,Q2,2014-08-06,2015-08-12,33460000.0,33460000.0,76947000.0,-56527000.0,20420000.0,-16976000.0,-15586000.0,,-126000.0,3444000.0,-220000.0,-238000.0,3224000,-5383000.0,-2159000,-21000.0,-2180000,,-2180000,-2180000,PRTS,2014-06-30
675964,USD,2014,Q3,2014-11-04,2015-11-04,33532000.0,33532000.0,67965000.0,-49551000.0,18414000.0,-15374000.0,-14040000.0,,-106000.0,3040000.0,-263000.0,-287000.0,2777000,-5256000.0,-2479000,-15000.0,-2494000,,-2494000,-2494000,PRTS,2014-09-30
675964,USD,2014,Q4,2015-03-20,2017-03-07,33580000.0,32806000.0,70568000.0,-51653000.0,18915000.0,-16150000.0,-14821000.0,,-106000.0,2765000.0,-291000.0,-317000.0,2474000,-5017000.0,-2543000,-70000.0,-2613000,,-2406000,-2406000,PRTS,2014-12-31
675964,USD,2015,Q1,2015-05-13,2016-05-10,33720000.0,33720000.0,76388000.0,-54910000.0,21478000.0,-16436000.0,-15033000.0,,-115000.0,5042000.0,-350000.0,-373000.0,4692000,-5060000.0,-368000,52000.0,-316000,,-60000,-60000,PRTS,2015-03-31
675964,USD,2015,Q2,2015-08-12,2016-08-09,33963000.0,33963000.0,76462000.0,-55594000.0,20868000.0,-16997000.0,-15632000.0,,-115000.0,3871000.0,-262000.0,-272000.0,3609000,-4978000.0,-1369000,347000.0,-1022000,,-775000,-775000,PRTS,2015-06-30
675964,USD,2015,Q3,2015-11-04,2016-11-01,34018000.0,34018000.0,70648000.0,-49606000.0,21042000.0,-16383000.0,-14976000.0,,-115000.0,4659000.0,-269000.0,-277000.0,4390000,-4881000.0,-491000,203000.0,-288000,,8000,8000,PRTS,2015-09-30
675964,USD,2015,Q4,2016-03-11,2018-03-14,34083000.0,34083000.0,67335000.0,-47547000.0,19788000.0,-11991000.0,-10902000.0,,-86000.0,7797000.0,-299000.0,-294000.0,7498000,-5318000.0,2180000,-690000.0,1490000,-2288000.0,-1597000,-1597000,PRTS,2015-12-31
675964,USD,2016,Q1,2016-05-10,2017-05-15,34497000.0,39359000.0,80746000.0,-56214000.0,24532000.0,-16583000.0,-15227000.0,,-112000.0,7949000.0,-341000.0,-347000.0,7608000,-6038000.0,1570000,-33000.0,1537000,-547000.0,990000,990000,PRTS,2016-03-31
675964,USD,2016,Q2,2016-08-09,2017-08-11,34753000.0,40007000.0,77999000.0,-54298000.0,23701000.0,-16474000.0,-14964000.0,,-113000.0,7227000.0,-240000.0,-251000.0,6987000,-5658000.0,1329000,-113000.0,1216000,-535000.0,681000,681000,PRTS,2016-06-30
675964,USD,2016,Q3,2016-11-01,2017-11-02,34932000.0,40591000.0,73452000.0,-51081000.0,22371000.0,-16136000.0,-14508000.0,,-111000.0,6235000.0,-283000.0,-291000.0,5952000,-5596000.0,356000,2000.0,358000,-718000.0,-360000,-360000,PRTS,2016-09-30
675964,USD,2016,Q4,2017-03-07,2018-03-14,34878000.0,24871000.0,71127000.0,-49684000.0,21443000.0,-15614000.0,-14034000.0,,-113000.0,5829000.0,-328000.0,-349000.0,5501000,-5683000.0,-182000,44000.0,-138000,-1776000.0,-1914000,-1914000,PRTS,2016-12-31
675964,USD,2017,Q1,2017-05-15,2018-05-09,34510000.0,39959000.0,80833000.0,-57046000.0,23787000.0,-16500000.0,-15115000.0,,-112000.0,7287000.0,-362000.0,-378000.0,6925000,-6082000.0,843000,-27000.0,816000,-559000.0,257000,257000,PRTS,2017-03-31
675964,USD,2017,Q2,2017-08-11,2018-08-09,35332000.0,39933000.0,80208000.0,-56964000.0,23244000.0,-15806000.0,-14558000.0,,-112000.0,7438000.0,-450000.0,-469000.0,6988000,-5929000.0,1059000,25859000.0,26918000,0.0,26918000,26918000,PRTS,2017-06-30
675964,USD,2017,Q3,2017-11-02,2018-10-31,35856000.0,39485000.0,73807000.0,-51930000.0,21877000.0,-14961000.0,-13751000.0,,-47000.0,6916000.0,-385000.0,-400000.0,6531000,-5584000.0,947000,-28000.0,919000,0.0,919000,919000,PRTS,2017-09-30
675964,USD,2017,Q4,2018-04-25,2019-03-13,35070000.0,39159000.0,68518000.0,-47766000.0,20752000.0,-14668000.0,-13481000.0,,-48000.0,6084000.0,-404000.0,-408000.0,5680000,-5495000.0,185000,-4264000.0,-4079000,0.0,-4079000,-4079000,PRTS,2017-12-31
675964,USD,2018,Q1,2018-05-09,2018-05-09,34821000.0,38066000.0,78385000.0,-54926000.0,23459000.0,-16002000.0,-14867000.0,,-47000.0,7457000.0,-432000.0,-433000.0,7025000,-5848000.0,1177000,-442000.0,735000,0.0,735000,735000,PRTS,2018-03-31
675964,USD,2018,Q2,2018-08-09,2018-08-09,34972000.0,34972000.0,76973000.0,-55488000.0,21485000.0,-15604000.0,-14559000.0,,-47000.0,5881000.0,-428000.0,-421000.0,5453000,-5394000.0,59000,-544000.0,-485000,0.0,-485000,-485000,PRTS,2018-06-30
675964,USD,2018,Q3,2018-10-31,2018-10-31,34983000.0,34983000.0,69463000.0,-50418000.0,19045000.0,-14590000.0,-13509000.0,,-46000.0,4455000.0,1038000.0,-364000.0,5493000,-5034000.0,459000,-21000.0,438000,0.0,438000,438000,PRTS,2018-09-30
675964,USD,2018,Q4,2019-03-13,2019-03-13,34988000.0,31743000.0,64646000.0,-49914000.0,14732000.0,-16221000.0,-15109000.0,,-45000.0,-1489000.0,-389000.0,-380000.0,-1878000,-5034000.0,-6912000,1336000.0,-5576000,0.0,-5576000,-5576000,PRTS,2018-12-31
675964,USD,2019,Q1,2019-05-10,2019-05-10,35365000.0,35365000.0,74739000.0,-54610000.0,20129000.0,-17999000.0,-16612000.0,,-25000.0,2130000.0,-415000.0,-412000.0,1715000,-5576000.0,-3861000,280000.0,-3581000,,-3581000,-3581000,PRTS,2019-03-31
675964,USD,2019,Q2,2019-08-09,2019-08-09,35632000.0,35632000.0,73687000.0,-51924000.0,21763000.0,-17149000.0,-15967000.0,,-25000.0,4614000.0,-438000.0,-484000.0,4176000,-5819000.0,-1643000,186000.0,-1457000,,-1457000,-1457000,PRTS,2019-06-30
675964,USD,2019,Q3,2019-11-01,2019-11-01,35856000.0,35856000.0,69273000.0,-48130000.0,21143000.0,-16333000.0,-15102000.0,,-25000.0,4810000.0,-518000.0,-517000.0,4292000,-6268000.0,-1976000,552000.0,-1424000,,-1424000,-1424000,PRTS,2019-09-30
675964,USD,2019,Q4,2020-03-10,2020-03-10,36027000.0,36027000.0,62958000.0,-41770000.0,21188000.0,-40992000.0,47681000.0,,75000.0,-19804000.0,-490000.0,-484000.0,-20294000,17663000.0,-2631000,-22455000.0,-25086000,,-25086000,-25086000,PRTS,2019-12-31
675964,USD,2020,Q1,2020-05-06,2021-05-11,36871000.0,36871000.0,87818000.0,-58039000.0,29779000.0,-30132000.0,,,,-353000.0,-589000.0,-660000.0,-942000,,-942000,-36000.0,-978000,,-978000,-978000,PRTS,2020-03-31
