SimFinId,Currency,Fiscal Year,Fiscal Period,Publish Date,Restated Date,Shares (Basic),Shares (Diluted),Revenue,Cost of Revenue,Gross Profit,Operating Expenses,"Selling, General & Administrative",Research & Development,Depreciation & Amortization,Operating Income (Loss),Non-Operating Income (Loss),"Interest Expense, Net","Pretax Income (Loss), Adj.",Abnormal Gains (Losses),Pretax Income (Loss),"Income Tax (Expense) Benefit, Net",Income (Loss) from Continuing Operations,Net Extraordinary Gains (Losses),Net Income,Net Income (Common),Ticker,Report_Date
181484,USD,2011,Q2,2011-09-07,2011-09-07,91864000.0,92368000.0,577135000.0,-324899000.0,252236000.0,-155935000.0,-155935000.0,,,96301000.0,108000.0,364000.0,96409000,,96409000,-29030000.0,67379000,,66758000,66758000,GES,2011-07-31
181484,USD,2011,Q3,2011-12-07,2011-12-07,92011000.0,92338000.0,613903000.0,-347506000.0,266397000.0,-173682000.0,-173682000.0,,,92715000.0,6194000.0,340000.0,98909000,,98909000,-28818000.0,70091000,,69089000,69089000,GES,2011-10-31
181484,USD,2011,Q4,2012-03-09,2013-04-01,90628000.0,90915000.0,756915000.0,-428471000.0,328444000.0,-184154000.0,-184154000.0,,,144290000.0,6908000.0,-474000.0,151198000,0.0,151198000,-45819000.0,105379000,,103326000,103326000,GES,2012-01-31
181484,USD,2012,Q1,2012-06-07,2012-06-07,89190000.0,89510000.0,592244000.0,-344214000.0,248030000.0,-177097000.0,-177097000.0,,,70933000.0,-9112000.0,890000.0,61821000,,61821000,-18237000.0,43584000,,42682000,42682000,GES,2012-04-30
181484,USD,2012,Q2,2012-07-31,2012-09-05,86972000.0,87237000.0,677159000.0,-379703000.0,297456000.0,-184464000.0,-184464000.0,,,112992000.0,2815000.0,118000.0,115807000,-19463000.0,96344000,-34534000.0,61810000,,60657000,60657000,GES,2012-07-31
181484,USD,2012,Q3,2012-10-31,2012-12-05,84408000.0,84702000.0,642803000.0,-367202000.0,275601000.0,-178632000.0,-178632000.0,,,96969000.0,1754000.0,-114000.0,98723000,,98723000,-31877000.0,66846000,,66295000,66295000,GES,2012-10-31
181484,USD,2012,Q4,2013-01-31,2014-03-28,84478000.0,84711000.0,775842000.0,-440704000.0,335138000.0,-198092000.0,-198092000.0,,,137046000.0,6649000.0,251000.0,143695000,-1242000.0,142453000,-44043000.0,98410000,,95866000,95866000,GES,2013-01-31
181484,USD,2013,Q1,2013-04-30,2013-06-11,84582000.0,84778000.0,579266000.0,-344190000.0,235076000.0,-195935000.0,-195935000.0,,,39141000.0,878000.0,310000.0,40019000,0.0,40019000,-12806000.0,27213000,,26646000,26646000,GES,2013-04-30
181484,USD,2013,Q2,2013-07-31,2013-09-09,84080000.0,84347000.0,635393000.0,-383833000.0,251560000.0,-194259000.0,-194259000.0,,,57301000.0,5860000.0,418000.0,63161000,0.0,63161000,-20212000.0,42949000,,42899000,42899000,GES,2013-07-31
181484,USD,2013,Q3,2013-10-31,2013-12-09,84149000.0,84417000.0,628828000.0,-381219000.0,247609000.0,-189492000.0,-189492000.0,,,58117000.0,-669000.0,-424000.0,57448000,0.0,57448000,-19989000.0,37459000,,36647000,36647000,GES,2013-10-31
181484,USD,2013,Q4,2014-01-31,2015-03-27,84273000.0,84546000.0,815118000.0,-482240000.0,332878000.0,-212912000.0,-212912000.0,,,119966000.0,20000.0,72000.0,119986000,0.0,119986000,-46121000.0,73865000,,72552000,72552000,GES,2014-01-31
181484,USD,2014,Q1,2014-04-30,2014-06-06,84499000.0,84499000.0,548914000.0,-351488000.0,197426000.0,-183764000.0,-183764000.0,,,13662000.0,5242000.0,-215000.0,18904000,-2337000.0,16567000,-5467000.0,11100000,,9916000,9916000,GES,2014-04-30
181484,USD,2014,Q2,2014-07-31,2014-09-05,84573000.0,84799000.0,639012000.0,-390480000.0,248532000.0,-181623000.0,-181623000.0,,,66909000.0,-29000.0,110000.0,66880000,-6129000.0,60751000,-20048000.0,40703000,,39866000,39866000,GES,2014-07-31
181484,USD,2014,Q3,2014-10-31,2014-12-09,84624000.0,84832000.0,613497000.0,-385270000.0,228227000.0,-178379000.0,-178379000.0,,,49848000.0,3999000.0,375000.0,53847000,-1889000.0,51958000,-17147000.0,34811000,,34020000,34020000,GES,2014-10-31
181484,USD,2014,Q4,2015-01-31,2017-03-27,84720000.0,85218000.0,616250000.0,-422550000.0,193700000.0,-198207000.0,-198207000.0,,,-4507000.0,7884000.0,-1202000.0,3377000,10355000.0,13732000,-3162000.0,10570000,,10768000,10768000,GES,2015-01-31
181484,USD,2015,Q1,2015-04-30,2015-06-04,84965000.0,85099000.0,522541000.0,-346310000.0,176231000.0,-178208000.0,-178208000.0,,,-1977000.0,-1239000.0,-120000.0,-3216000,,-3216000,1029000.0,-2187000,,-2101000,-2101000,GES,2015-04-30
181484,USD,2015,Q2,2015-07-31,2015-09-03,85004000.0,85290000.0,608571000.0,-391794000.0,216777000.0,-186919000.0,-186919000.0,,,29858000.0,4314000.0,-452000.0,34172000,,34172000,-11900000.0,22272000,,21954000,21954000,GES,2015-07-31
181484,USD,2015,Q3,2015-10-31,2015-12-02,83985000.0,84373000.0,589834000.0,-375876000.0,213958000.0,-189093000.0,-189093000.0,,,24865000.0,7239000.0,-245000.0,32104000,,32104000,-10594000.0,21510000,,20788000,20788000,GES,2015-10-31
181484,USD,2015,Q4,2016-01-31,2018-03-29,83102000.0,83338000.0,463549000.0,-283085000.0,180464000.0,-111860000.0,-111860000.0,,,68604000.0,-4385000.0,-91000.0,64219000,0.0,64219000,-20999000.0,43220000,,41210000,41210000,GES,2016-01-31
181484,USD,2016,Q1,2016-04-30,2017-06-02,83514000.0,83514000.0,448815000.0,-306056000.0,142759000.0,-165654000.0,-165654000.0,,,-22895000.0,-967000.0,131000.0,-23862000,-6083000.0,-29945000,4791000.0,-25154000,,-25178000,-25178000,GES,2016-04-30
181484,USD,2016,Q2,2016-07-31,2017-09-01,83621000.0,83863000.0,544959000.0,-359327000.0,185632000.0,-170055000.0,-170055000.0,,,15577000.0,27183000.0,-207000.0,42760000,0.0,42760000,-10593000.0,32167000,,32269000,32269000,GES,2016-07-31
181484,USD,2016,Q3,2016-10-31,2017-12-01,83758000.0,83917000.0,536321000.0,-356079000.0,180242000.0,-165119000.0,-165119000.0,,,15123000.0,486000.0,361000.0,15609000,0.0,15609000,-5880000.0,9729000,,9103000,9103000,GES,2016-10-31
181484,USD,2016,Q4,2017-01-31,2018-03-29,83771000.0,84022000.0,660358000.0,-423951000.0,236407000.0,-215421000.0,-215421000.0,,,20986000.0,4200000.0,-292000.0,25186000,0.0,25186000,-16530000.0,8656000,,6567000,6567000,GES,2017-01-31
181484,USD,2017,Q1,2017-04-30,2018-06-07,83010000.0,83010000.0,454345000.0,-309703000.0,144642000.0,-169617000.0,-169617000.0,,,-24975000.0,2345000.0,457000.0,-22630000,,-22630000,1403000.0,-21227000,,-21293000,-21293000,GES,2017-04-30
181484,USD,2017,Q2,2017-07-31,2018-09-06,82396000.0,82763000.0,568292000.0,-370265000.0,198027000.0,-174240000.0,-174240000.0,,,23787000.0,-1453000.0,716000.0,22334000,,22334000,-6453000.0,15881000,,15219000,15219000,GES,2017-07-31
181484,USD,2017,Q3,2017-10-31,2017-12-01,82390000.0,82390000.0,554138000.0,-363029000.0,191109000.0,-192064000.0,-192064000.0,,,-955000.0,2966000.0,207000.0,2011000,0.0,2011000,-3673000.0,-1662000,,-2860000,-2860000,GES,2017-10-31
181484,USD,2017,Q4,2018-01-31,2018-03-29,80960000.0,80593000.0,786979000.0,-491909000.0,295070000.0,-227754000.0,-227754000.0,,,67316000.0,1240000.0,295000.0,68556000,0.0,68556000,-65449000.0,3107000,,1040000,1040000,GES,2018-01-31
181484,USD,2018,Q1,2018-06-07,2018-06-07,79901000.0,79901000.0,521289000.0,-347351000.0,173938000.0,-198826000.0,-198826000.0,,,-24888000.0,-2376000.0,238000.0,-27264000,,-27264000,6277000.0,-20987000,,-21221000,-21221000,GES,2018-04-30
181484,USD,2018,Q2,2018-09-06,2018-09-06,80110000.0,81550000.0,645871000.0,-406440000.0,239431000.0,-207550000.0,-207550000.0,,,31881000.0,1629000.0,269000.0,33510000,,33510000,-7776000.0,25734000,,25530000,25530000,GES,2018-07-31
181484,USD,2018,Q3,2018-12-07,2018-12-07,80189000.0,80189000.0,605407000.0,-385264000.0,220143000.0,-199220000.0,-199220000.0,,,20923000.0,-5811000.0,-1000.0,15112000,-42428000.0,-27316000,14500000.0,-12816000,,-13442000,-13442000,GES,2018-10-31
181484,USD,2018,Q4,2019-03-29,2019-03-29,80384000.0,84716000.0,837127000.0,-531035000.0,306092000.0,-229697000.0,-229697000.0,,,76395000.0,1054000.0,581000.0,77449000,-9671000.0,67778000,-42543000.0,25235000,,23232000,23232000,GES,2019-01-31
181484,USD,2019,Q1,2019-06-11,2019-06-11,79925000.0,79925000.0,536691000.0,-354742000.0,181949000.0,-206420000.0,-206420000.0,,,-24471000.0,1173000.0,-898000.0,-23298000,,-23298000,2717000.0,-20581000,,-21374000,-21374000,GES,2019-04-30
181484,USD,2019,Q2,2019-09-05,2019-09-05,70508000.0,71356000.0,683220000.0,-417554000.0,265666000.0,-219679000.0,-219679000.0,,,45987000.0,-10993000.0,-4638000.0,34994000,,34994000,-8818000.0,26176000,,25322000,25322000,GES,2019-07-31
181484,USD,2019,Q3,2019-12-03,2020-12-04,66393000.0,67314000.0,615944000.0,-386445000.0,229499000.0,-205003000.0,-205003000.0,,,24496000.0,-4516000.0,-4454000.0,19980000,-1847000.0,18133000,-4548000.0,13585000,,12423000,12423000,GES,2019-10-31
181484,USD,2019,Q4,2020-04-01,2020-04-01,65018000.0,68081000.0,842254000.0,-503660000.0,338594000.0,-233958000.0,-233958000.0,,,104636000.0,-2593000.0,-4410000.0,102043000,-8130000.0,93913000,-11864000.0,82049000,,79604000,79604000,GES,2020-01-31
