SimFinId,Currency,Fiscal Year,Fiscal Period,Publish Date,Restated Date,Shares (Basic),Shares (Diluted),Revenue,Cost of Revenue,Gross Profit,Operating Expenses,"Selling, General & Administrative",Research & Development,Depreciation & Amortization,Operating Income (Loss),Non-Operating Income (Loss),"Interest Expense, Net","Pretax Income (Loss), Adj.",Abnormal Gains (Losses),Pretax Income (Loss),"Income Tax (Expense) Benefit, Net",Income (Loss) from Continuing Operations,Net Extraordinary Gains (Losses),Net Income,Net Income (Common),Ticker,Report_Date
798086,USD,2012,Q2,2012-05-10,2013-05-06,7355000.0,7355000.0,54097000.0,-39859000.0,14238000.0,-1807000.0,-1807000.0,,,12431000.0,-502000.0,-467000.0,11929000,,11929000,-4515000.0,7414000,,7414000,7414000,ALCO,2012-03-31
798086,USD,2012,Q3,2012-08-09,2013-08-06,7354000.0,7354000.0,40401000.0,-29892000.0,10509000.0,-1871000.0,-1871000.0,,,8638000.0,6888000.0,-354000.0,15526000,,15526000,-5919000.0,9607000,,9607000,9607000,ALCO,2012-06-30
798086,USD,2012,Q4,2012-12-05,2014-12-12,7357000.0,7357000.0,6642000.0,-4671000.0,1971000.0,-2822000.0,-2822000.0,,,-851000.0,1612000.0,-326000.0,761000,-1918000.0,-1157000,692000.0,-465000,,-465000,-465000,ALCO,2012-09-30
798086,USD,2013,Q1,2013-02-06,2014-02-06,7354000.0,7354000.0,21356000.0,-17570000.0,3786000.0,-1808000.0,-1808000.0,,,1978000.0,-304000.0,-367000.0,1674000,0.0,1674000,-636000.0,1038000,,1038000,1038000,ALCO,2012-12-31
798086,USD,2013,Q2,2013-05-06,2014-05-06,7293000.0,7320000.0,38410000.0,-31396000.0,7014000.0,-2464000.0,-2464000.0,,,4550000.0,23000.0,-311000.0,4573000,0.0,4573000,-1800000.0,2773000,,2773000,2773000,ALCO,2013-03-31
798086,USD,2013,Q3,2013-08-08,2014-08-11,7299000.0,7375000.0,35229000.0,-26164000.0,9065000.0,-2253000.0,-2253000.0,,,6812000.0,-167000.0,-290000.0,6645000,0.0,6645000,-2566000.0,4079000,,4079000,4079000,ALCO,2013-06-30
798086,USD,2013,Q4,2013-12-09,2015-12-10,7306000.0,7379000.0,6666000.0,-4857000.0,1809000.0,-3214000.0,-3214000.0,,,-1405000.0,20188000.0,-289000.0,18783000,0.0,18783000,-7027000.0,11756000,,11756000,11756000,ALCO,2013-09-30
798086,USD,2014,Q1,2014-02-06,2015-02-09,7283000.0,7283000.0,14989000.0,-12418000.0,2571000.0,-3561000.0,-3561000.0,,,-990000.0,-261000.0,-269000.0,-1251000,0.0,-1251000,547000.0,-704000,,-704000,-704000,ALCO,2013-12-31
798086,USD,2014,Q2,2014-05-06,2015-05-11,7345000.0,7349000.0,40642000.0,-30669000.0,9973000.0,-1834000.0,-1834000.0,,,8139000.0,-450000.0,-396000.0,7689000,0.0,7689000,-2992000.0,4697000,,4697000,4697000,ALCO,2014-03-31
798086,USD,2014,Q3,2014-08-11,2015-08-05,7356000.0,7356000.0,33875000.0,-29282000.0,4593000.0,-2339000.0,-2339000.0,,,2254000.0,-432000.0,-657000.0,1822000,0.0,1822000,-791000.0,1031000,,1031000,1031000,ALCO,2014-06-30
798086,USD,2014,Q4,2014-12-12,2016-12-06,7360000.0,7428000.0,14497000.0,-10440000.0,4057000.0,-4077000.0,-4077000.0,,,-20000.0,6638000.0,-1046000.0,6618000,6000000.0,12618000,-8147000.0,4471000,,4471000,4471000,ALCO,2014-09-30
798086,USD,2015,Q1,2015-02-09,2016-02-08,7367000.0,7367000.0,,,3272000.0,-5484000.0,-5484000.0,,,-2212000.0,12128000.0,-1378000.0,9916000,-947000.0,8969000,-3763000.0,5206000,,5206000,5206000,ALCO,2014-12-31
798086,USD,2015,Q2,2015-05-11,2016-05-05,8272000.0,8272000.0,60012000.0,-48336000.0,11676000.0,-3499000.0,-3499000.0,,,8177000.0,-2266000.0,-2257000.0,5911000,-558000.0,5353000,-1127000.0,4226000,,4226000,4226000,ALCO,2015-03-31
798086,USD,2015,Q3,2015-08-05,2016-08-04,8278000.0,8284000.0,71670000.0,-50643000.0,21027000.0,-2949000.0,-2949000.0,,,18078000.0,-2171000.0,-2104000.0,15907000,-87000.0,15820000,-6644000.0,9176000,,9176000,9176000,ALCO,2015-06-30
798086,USD,2015,Q4,2015-12-10,2017-12-11,8307000.0,8321000.0,,,-517000.0,-4562000.0,-4562000.0,,,-5079000.0,-2661000.0,-2627000.0,-7740000,1686000.0,-6054000,629000.0,-5425000,,-5394000,-5394000,ALCO,2015-09-30
798086,USD,2016,Q1,2016-02-08,2017-02-06,8303000.0,8303000.0,20604000.0,-19238000.0,1366000.0,-3925000.0,-3925000.0,,,-2559000.0,-2535000.0,-2503000.0,-5094000,,-5094000,2075000.0,-3019000,,-3011000,-3011000,ALCO,2015-12-31
798086,USD,2016,Q2,2016-05-05,2017-05-08,8286000.0,8303000.0,71889000.0,-52374000.0,19515000.0,-2849000.0,-2849000.0,,,16666000.0,-1840000.0,-2475000.0,14826000,,14826000,-6102000.0,8724000,,8734000,8734000,ALCO,2016-03-31
798086,USD,2016,Q3,2016-08-04,2017-08-07,8309000.0,8309000.0,46853000.0,-33170000.0,13683000.0,-2747000.0,-2747000.0,,,10936000.0,-2874000.0,-2470000.0,8062000,,8062000,-3392000.0,4670000,,4681000,4681000,ALCO,2016-06-30
798086,USD,2016,Q4,2016-12-06,2017-12-11,8314000.0,8329000.0,4850000.0,-4355000.0,495000.0,-3692000.0,-3692000.0,,,-3197000.0,-2117000.0,-2445000.0,-5314000,0.0,-5314000,1898000.0,-3416000,,-3411000,-3411000,ALCO,2016-09-30
798086,USD,2017,Q1,2017-02-06,2018-02-06,8324000.0,8324000.0,17445000.0,-14692000.0,2753000.0,-3788000.0,-3788000.0,,,-1035000.0,-1981000.0,-2327000.0,-3016000,,-3016000,1273000.0,-1743000,,-1735000,-1735000,ALCO,2016-12-31
798086,USD,2017,Q2,2017-05-08,2018-05-07,8327000.0,8327000.0,56200000.0,-41684000.0,14516000.0,-3399000.0,-3399000.0,,,11117000.0,-912000.0,-2374000.0,10205000,,10205000,-4321000.0,5884000,,5833000,5833000,ALCO,2017-03-31
798086,USD,2017,Q3,2017-08-07,2018-08-06,8293000.0,8364000.0,51518000.0,-36510000.0,15008000.0,-3709000.0,-3709000.0,,,11299000.0,-2162000.0,-2223000.0,9137000,,9137000,-3665000.0,5472000,,5479000,5479000,ALCO,2017-06-30
798086,USD,2017,Q4,2017-12-11,2017-12-11,8256000.0,8185000.0,4666000.0,-28013000.0,-23347000.0,-4128000.0,-4128000.0,,,-27475000.0,-2193000.0,-2217000.0,-29668000,0.0,-29668000,10559000.0,-19109000,,-19028000,-19028000,ALCO,2017-09-30
798086,USD,2018,Q1,2018-02-06,2018-02-06,8245000.0,8364000.0,17533000.0,-16951000.0,582000.0,-3886000.0,-3886000.0,,,-3304000.0,-375000.0,-2255000.0,-3679000,,-3679000,12417000.0,8738000,,8746000,8746000,ALCO,2017-12-31
798086,USD,2018,Q2,2018-05-07,2018-05-07,8256000.0,8256000.0,35600000.0,-27767000.0,7833000.0,-3073000.0,-3073000.0,,,4760000.0,-2140000.0,-2239000.0,2620000,,2620000,-8150000.0,-5530000,,-5514000,-5514000,ALCO,2018-03-31
798086,USD,2018,Q3,2018-08-06,2018-08-06,8228000.0,8324000.0,26517000.0,-14603000.0,11914000.0,-2955000.0,-2955000.0,,,8959000.0,5074000.0,-2188000.0,14033000,,14033000,-4941000.0,9092000,,9100000,9100000,ALCO,2018-06-30
798086,USD,2018,Q4,2019-01-25,2019-01-25,8199000.0,8260000.0,1631000.0,3633000.0,5264000.0,-5144000.0,-5144000.0,,,120000.0,96000.0,-1879000.0,216000,,216000,284000.0,500000,,718000,718000,ALCO,2018-09-30
798086,USD,2019,Q1,2019-02-11,2019-02-11,7479000.0,7479000.0,14779000.0,-11597000.0,3182000.0,-3450000.0,-3450000.0,,,-268000.0,-2864000.0,-1917000.0,-3132000,,-3132000,629000.0,-2503000,,-2467000,-2467000,ALCO,2018-12-31
798086,USD,2019,Q2,2019-05-07,2019-05-07,7463000.0,7469000.0,48521000.0,-32207000.0,16314000.0,-4654000.0,-4654000.0,,,11660000.0,-1972000.0,-1963000.0,9688000,,9688000,-2228000.0,7460000,,7547000,7547000,ALCO,2019-03-31
798086,USD,2019,Q3,2019-08-06,2019-08-06,7470000.0,7471000.0,57565000.0,-31561000.0,26004000.0,-2682000.0,-2682000.0,,,23322000.0,-1623000.0,-1745000.0,21699000,,21699000,-5483000.0,16216000,,16244000,16244000,ALCO,2019-06-30
798086,USD,2019,Q4,2019-12-05,2019-12-05,7476000.0,7553000.0,1386000.0,13474000.0,14860000.0,-4360000.0,-4360000.0,,,10500000.0,11478000.0,-1555000.0,21978000,,21978000,-5701000.0,16277000,,16509000,16509000,ALCO,2019-09-30
798086,USD,2020,Q1,2020-02-06,2021-02-04,7477000.0,7491000.0,11005000.0,-5391000.0,5614000.0,-2760000.0,-2760000.0,,,2854000.0,-1620000.0,-1544000.0,1234000,25000.0,1259000,-361000.0,898000,,791000,791000,ALCO,2019-12-31
798086,USD,2020,Q2,2020-05-11,2021-05-05,7480000.0,7496000.0,50515000.0,-43898000.0,6617000.0,-2953000.0,-2953000.0,,,3664000.0,-1440000.0,-1452000.0,2224000,2838000.0,5062000,-1496000.0,3566000,,3571000,3571000,ALCO,2020-03-31
