SimFinId,Currency,Fiscal Year,Fiscal Period,Publish Date,Restated Date,Shares (Basic),Shares (Diluted),Revenue,Cost of Revenue,Gross Profit,Operating Expenses,"Selling, General & Administrative",Research & Development,Depreciation & Amortization,Operating Income (Loss),Non-Operating Income (Loss),"Interest Expense, Net","Pretax Income (Loss), Adj.",Abnormal Gains (Losses),Pretax Income (Loss),"Income Tax (Expense) Benefit, Net",Income (Loss) from Continuing Operations,Net Extraordinary Gains (Losses),Net Income,Net Income (Common),Ticker,Report_Date
34429,USD,2010,Q4,2011-05-27,2013-05-29,23783457.0,24714808.0,58294000.0,-36105000.0,22189000.0,-16532000.0,-16532000.0,,,5657000.0,308000.0,640000.0,5965000,,5965000,-739000.0,5226000,,5457000,5457000,VRTU,2011-03-31
34429,USD,2011,Q1,2011-08-03,2012-07-31,24457474.0,25328317.0,61045000.0,-37982000.0,23063000.0,-18276000.0,-18276000.0,,,4787000.0,400000.0,605000.0,5187000,,5187000,-1232000.0,3955000,,3955000,3955000,VRTU,2011-06-30
34429,USD,2011,Q2,2011-11-04,2012-11-02,24652654.0,25364751.0,70311000.0,-45395000.0,24916000.0,-19449000.0,-19449000.0,,,5467000.0,445000.0,554000.0,5912000,,5912000,-1224000.0,4688000,,4688000,4688000,VRTU,2011-09-30
34429,USD,2011,Q3,2012-02-03,2013-01-31,24704814.0,25358259.0,72184000.0,-46271000.0,25913000.0,-19335000.0,-19335000.0,,,6578000.0,780000.0,603000.0,7358000,,7358000,-1764000.0,5594000,,5594000,5594000,VRTU,2011-12-31
34429,USD,2011,Q4,2012-05-25,2014-05-23,24757310.0,25483273.0,74231000.0,-47786000.0,26445000.0,-19378000.0,-19378000.0,,,7067000.0,922000.0,716000.0,7989000,,7989000,-2191000.0,5798000,,5798000,5798000,VRTU,2012-03-31
34429,USD,2012,Q1,2012-07-31,2013-08-02,24805636.0,25485948.0,76217000.0,-49594000.0,26623000.0,-19754000.0,-19754000.0,,,6869000.0,1240000.0,698000.0,8109000,,8109000,-1970000.0,6139000,,6139000,6139000,VRTU,2012-06-30
34429,USD,2012,Q2,2012-11-02,2013-11-06,24886477.0,25518240.0,80535000.0,-52902000.0,27633000.0,-20204000.0,-20204000.0,,,7429000.0,241000.0,754000.0,7670000,,7670000,-1907000.0,5763000,,5763000,5763000,VRTU,2012-09-30
34429,USD,2012,Q3,2013-01-31,2014-01-31,24969800.0,25614309.0,86474000.0,-55698000.0,30776000.0,-21634000.0,-21634000.0,,,9142000.0,574000.0,778000.0,9716000,,9716000,-2312000.0,7404000,,7404000,7404000,VRTU,2012-12-31
34429,USD,2012,Q4,2013-05-29,2015-05-20,25086735.0,25936859.0,89949000.0,-57672000.0,32277000.0,-22858000.0,-22858000.0,,,9419000.0,945000.0,747000.0,10364000,,10364000,-1272000.0,9092000,,9092000,9092000,VRTU,2013-03-31
34429,USD,2013,Q1,2013-08-02,2014-08-06,25293101.0,26151081.0,90489000.0,-57802000.0,32687000.0,-23758000.0,-23758000.0,,,8929000.0,1136000.0,838000.0,10065000,,10065000,-2543000.0,7522000,,7522000,7522000,VRTU,2013-06-30
34429,USD,2013,Q2,2013-11-06,2014-10-31,25553237.0,26309398.0,94301000.0,-60503000.0,33798000.0,-24022000.0,-24022000.0,,,9776000.0,105000.0,846000.0,9881000,,9881000,-2403000.0,7478000,,7478000,7478000,VRTU,2013-09-30
34429,USD,2013,Q3,2014-01-31,2015-02-05,25652538.0,26540682.0,101043000.0,-63821000.0,37222000.0,-26026000.0,-26026000.0,,,11196000.0,1155000.0,1021000.0,12351000,,12351000,-3023000.0,9328000,,9328000,9328000,VRTU,2013-12-31
34429,USD,2013,Q4,2014-05-23,2016-05-27,27967188.0,28890843.0,111100000.0,-68407000.0,42693000.0,-30182000.0,-30182000.0,,,12511000.0,1116000.0,1021000.0,13627000,,13627000,-3580000.0,10047000,,10047000,10047000,VRTU,2014-03-31
34429,USD,2014,Q1,2014-08-06,2015-07-30,28476804.0,29361281.0,112274000.0,-72588000.0,39686000.0,-28456000.0,-28456000.0,,,11230000.0,994000.0,1159000.0,12224000,,12224000,-3221000.0,9003000,,9003000,9003000,VRTU,2014-06-30
34429,USD,2014,Q2,2014-10-31,2015-11-05,28695642.0,29424367.0,117700000.0,-74968000.0,42732000.0,-30491000.0,-30491000.0,,,12241000.0,1257000.0,1230000.0,13498000,,13498000,-3384000.0,10114000,,10114000,10114000,VRTU,2014-09-30
34429,USD,2014,Q3,2015-02-05,2016-02-08,28871023.0,29627621.0,122996000.0,-77144000.0,45852000.0,-31233000.0,-31233000.0,,,14619000.0,1360000.0,1410000.0,15979000,,15979000,-4200000.0,11779000,,11779000,11779000,VRTU,2014-12-31
34429,USD,2014,Q4,2015-05-20,2017-05-26,28968939.0,29809227.0,126016000.0,-79722000.0,46294000.0,-31816000.0,-31816000.0,,,14478000.0,1221000.0,1465000.0,15699000,,15699000,-4149000.0,11550000,,11550000,11550000,VRTU,2015-03-31
34429,USD,2015,Q1,2015-07-30,2016-08-09,29068946.0,29934628.0,134844000.0,-87362000.0,47482000.0,-35072000.0,-35072000.0,,,12410000.0,1390000.0,1425000.0,13800000,,13800000,-3687000.0,10113000,,10113000,10113000,VRTU,2015-06-30
34429,USD,2015,Q2,2015-11-05,2016-11-09,29217820.0,30008470.0,143002000.0,-93500000.0,49502000.0,-36246000.0,-36246000.0,,,13256000.0,1830000.0,1502000.0,15086000,,15086000,-4000000.0,11086000,,11086000,11086000,VRTU,2015-09-30
34429,USD,2015,Q3,2016-05-23,2017-02-09,29287968.0,30064943.0,150603000.0,-96908000.0,53695000.0,-39561000.0,-39561000.0,,,14134000.0,1653000.0,1319000.0,15787000,,15787000,-4474000.0,11313000,,11313000,11313000,VRTU,2015-12-31
34429,USD,2015,Q4,2016-05-27,2018-05-25,29360710.0,30011887.0,171853000.0,-111540000.0,60313000.0,-54793000.0,-54793000.0,,,5520000.0,7476000.0,531000.0,12996000,,12996000,-488000.0,12508000,,12290000,12290000,VRTU,2016-03-31
34429,USD,2016,Q1,2016-08-09,2017-08-08,29486287.0,29486287.0,205471000.0,-153560000.0,51911000.0,-53759000.0,-53759000.0,,,-1848000.0,-4125000.0,-551000.0,-5973000,,-5973000,463000.0,-5510000,,-6256000,-6256000,VRTU,2016-06-30
34429,USD,2016,Q2,2016-11-09,2017-11-08,29616179.0,30130209.0,210089000.0,-152369000.0,57720000.0,-54183000.0,-54183000.0,,,3537000.0,1418000.0,-1157000.0,4955000,,4955000,-499000.0,4456000,,3214000,3214000,VRTU,2016-09-30
34429,USD,2016,Q3,2017-02-09,2018-02-08,29704526.0,30151590.0,217209000.0,-154847000.0,62362000.0,-55904000.0,-55904000.0,,,6458000.0,-2331000.0,-899000.0,4127000,,4127000,1414000.0,5541000,,4435000,4435000,VRTU,2016-12-31
34429,USD,2016,Q4,2017-05-26,2018-05-25,29793112.0,31092598.0,225962000.0,-160174000.0,65788000.0,-55564000.0,-55564000.0,,,10224000.0,5485000.0,-960000.0,15709000,,15709000,-3939000.0,11770000,,10465000,10465000,VRTU,2017-03-31
34429,USD,2017,Q1,2017-08-08,2018-08-09,29651602.0,30251150.0,227345000.0,-166279000.0,61066000.0,-54996000.0,-54996000.0,,,6070000.0,-625000.0,-653000.0,5445000,,5445000,-798000.0,4647000,,3658000,2957000,VRTU,2017-06-30
34429,USD,2017,Q2,2017-11-08,2017-11-08,29216600.0,29820581.0,248174000.0,-178404000.0,69770000.0,-59491000.0,-59491000.0,,,10279000.0,-1187000.0,-485000.0,9092000,,9092000,-1500000.0,7592000,,4768000,3681000,VRTU,2017-09-30
34429,USD,2017,Q3,2018-02-08,2018-02-08,29295730.0,29295730.0,263809000.0,-183420000.0,80389000.0,-66726000.0,-66726000.0,,,13663000.0,2843000.0,-225000.0,16506000,,16506000,-24427000.0,-7921000,,-10055000,-11142000,VRTU,2017-12-31
34429,USD,2017,Q4,2018-05-25,2018-05-25,29425468.0,28221939.0,281341000.0,-197342000.0,83999000.0,-67624000.0,-67624000.0,,,16375000.0,-5582000.0,-2007000.0,10793000,,10793000,-6163000.0,4630000,,2883000,1795000,VRTU,2018-03-31
34429,USD,2018,Q1,2018-08-09,2018-08-09,29633026.0,29633026.0,300031000.0,-216481000.0,83550000.0,-69626000.0,-69626000.0,,,13924000.0,-13625000.0,-2962000.0,299000,,299000,-5864000.0,-5565000,,-6296000,-7383000,VRTU,2018-06-30
34429,USD,2018,Q2,2018-11-09,2018-11-09,29767276.0,30627044.0,305520000.0,-216346000.0,89174000.0,-75155000.0,-75155000.0,,,14019000.0,-12461000.0,-3925000.0,1558000,,1558000,402000.0,1960000,,1505000,417000,VRTU,2018-09-30
34429,USD,2018,Q3,2019-02-08,2019-02-08,29893220.0,33661728.0,314681000.0,-221461000.0,93220000.0,-73935000.0,-73935000.0,,,19285000.0,3912000.0,-3963000.0,23197000,,23197000,-10400000.0,12797000,,12576000,11489000,VRTU,2018-12-31
34429,USD,2018,Q4,2019-05-24,2019-05-24,29976582.0,28716818.0,327631000.0,-230364000.0,97267000.0,-74227000.0,-74227000.0,,,23040000.0,-9930000.0,-4642000.0,13110000,,13110000,-4611000.0,8499000,,8361000,7273000,VRTU,2019-03-31
34429,USD,2019,Q1,2019-08-09,2019-08-09,30167910.0,30934411.0,319024000.0,-234735000.0,84289000.0,-70861000.0,-70861000.0,,,13428000.0,-2669000.0,-4235000.0,10759000,,10759000,-4739000.0,6020000,,5834000,4747000,VRTU,2019-06-30
34429,USD,2019,Q2,2019-11-08,2020-11-03,30107942.0,30708162.0,328501000.0,-238584000.0,89917000.0,-70682000.0,-70682000.0,,,19235000.0,-7157000.0,-4284000.0,12078000,,12078000,-4830000.0,7248000,,7102000,6014000,VRTU,2019-09-30
34429,USD,2019,Q3,2020-02-07,2021-02-09,29849368.0,33458231.0,335107000.0,-236427000.0,98680000.0,-68270000.0,-68270000.0,,,30410000.0,-7209000.0,-4353000.0,23201000,,23201000,-10363000.0,12838000,,12720000,11633000,VRTU,2019-12-31
34429,USD,2019,Q4,2020-07-29,2020-11-03,29946528.0,27517304.0,329651000.0,-249397000.0,80254000.0,-63115000.0,-63115000.0,,,17139000.0,-14516000.0,-4082000.0,2623000,,2623000,19623000.0,22246000,,22246000,21158000,VRTU,2020-03-31
