SimFinId,Currency,Fiscal Year,Fiscal Period,Publish Date,Restated Date,Shares (Basic),Shares (Diluted),Revenue,Cost of Revenue,Gross Profit,Operating Expenses,"Selling, General & Administrative",Research & Development,Depreciation & Amortization,Operating Income (Loss),Non-Operating Income (Loss),"Interest Expense, Net","Pretax Income (Loss), Adj.",Abnormal Gains (Losses),Pretax Income (Loss),"Income Tax (Expense) Benefit, Net",Income (Loss) from Continuing Operations,Net Extraordinary Gains (Losses),Net Income,Net Income (Common),Ticker,Report_Date
781665,USD,2014,Q4,2015-02-12,2017-03-01,35040000.0,11281000.0,16105000.0,,16105000.0,-64079000.0,-12821000.0,-51258000.0,,-47974000.0,-2586000.0,-2934000.0,-50560000,,-50560000,0.0,-50560000,,-50560000,-50560000,FGEN,2014-12-31
781665,USD,2015,Q1,2015-05-12,2016-05-09,59197000.0,59197000.0,16298000.0,,16298000.0,-61021000.0,-10482000.0,-50539000.0,,-44723000.0,-1915000.0,-2758000.0,-46638000,,-46638000,271000.0,-46367000,,-46367000,-46367000,FGEN,2015-03-31
781665,USD,2015,Q2,2015-08-13,2016-08-08,59798000.0,68752000.0,120550000.0,,120550000.0,-61235000.0,-9680000.0,-51555000.0,,59315000.0,-2055000.0,-2762000.0,57260000,,57260000,-205000.0,57055000,,57055000,57055000,FGEN,2015-06-30
781665,USD,2015,Q3,2015-11-12,2016-11-08,60767000.0,60767000.0,19538000.0,,19538000.0,-63308000.0,-11237000.0,-52071000.0,,-43770000.0,-1300000.0,-2758000.0,-45070000,,-45070000,-28000.0,-45098000,,-45098000,-45098000,FGEN,2015-09-30
781665,USD,2015,Q4,2016-02-29,2018-02-27,61586000.0,52632000.0,24442000.0,,24442000.0,-72889000.0,-12965000.0,-59924000.0,,-48447000.0,-2642000.0,-2755000.0,-51089000,,-51089000,-280000.0,-51369000,,-51369000,-51369000,FGEN,2015-12-31
781665,USD,2016,Q1,2016-05-09,2017-05-09,62184000.0,62184000.0,28282000.0,,28282000.0,-55067000.0,-11417000.0,-43650000.0,,-26785000.0,-1361000.0,-2777000.0,-28146000,,-28146000,305000.0,-27841000,,-27841000,-27841000,FGEN,2016-03-31
781665,USD,2016,Q2,2016-08-08,2017-08-07,62582000.0,69022000.0,89280000.0,,89280000.0,-62768000.0,-10376000.0,-52392000.0,,26512000.0,-2309000.0,-2438000.0,24203000,,24203000,113000.0,24316000,,24316000,24316000,FGEN,2016-06-30
781665,USD,2016,Q3,2016-11-08,2017-11-08,62858000.0,62858000.0,30102000.0,,30102000.0,-52204000.0,-11646000.0,-40558000.0,,-22102000.0,-1894000.0,-2760000.0,-23996000,,-23996000,-158000.0,-24154000,,-24154000,-24154000,FGEN,2016-09-30
781665,USD,2016,Q4,2017-03-01,2018-02-27,63352000.0,56912000.0,31913000.0,,31913000.0,-63192000.0,-12586000.0,-50606000.0,,-31279000.0,-2533000.0,-2750000.0,-33812000,,-33812000,-189000.0,-34001000,,-34001000,-34001000,FGEN,2016-12-31
781665,USD,2017,Q1,2017-05-09,2018-05-09,64037000.0,64037000.0,29442000.0,,29442000.0,-58262000.0,-11530000.0,-46732000.0,,-28820000.0,-1730000.0,-2375000.0,-30550000,,-30550000,-60000.0,-30610000,,-30610000,-30610000,FGEN,2017-03-31
781665,USD,2017,Q2,2017-08-07,2018-08-07,69638000.0,69638000.0,30268000.0,,30268000.0,-60406000.0,-13425000.0,-46981000.0,,-30138000.0,-1726000.0,-2757000.0,-31864000,,-31864000,-48000.0,-31912000,,-31912000,-31912000,FGEN,2017-06-30
781665,USD,2017,Q3,2017-12-14,2018-11-08,75891000.0,75891000.0,40550000.0,,40550000.0,-63289000.0,-12953000.0,-50336000.0,,-22739000.0,-1663000.0,-2769000.0,-24402000,,-24402000,-57000.0,-24459000,,-24459000,-24459000,FGEN,2017-09-30
781665,USD,2017,Q4,2018-02-27,2018-02-27,82382000.0,82382000.0,25408000.0,,25408000.0,-66320000.0,-13852000.0,-52468000.0,,-40912000.0,1846000.0,-1805000.0,-39066000,,-39066000,-156000.0,-39222000,,-39222000,-39222000,FGEN,2017-12-31
781665,USD,2018,Q1,2018-05-09,2018-05-09,82863000.0,82863000.0,31925000.0,,31925000.0,-72524000.0,-15550000.0,-56974000.0,,-40599000.0,-698000.0,-2769000.0,-41297000,,-41297000,-99000.0,-41396000,,-41396000,-41396000,FGEN,2018-03-31
781665,USD,2018,Q2,2018-08-07,2018-08-07,83750000.0,83750000.0,43952000.0,,43952000.0,-67193000.0,-15055000.0,-52138000.0,,-23241000.0,-104000.0,-2750000.0,-23345000,,-23345000,-75000.0,-23420000,,-23420000,-23420000,FGEN,2018-06-30
781665,USD,2018,Q3,2018-11-08,2018-11-08,84508000.0,84508000.0,29027000.0,,29027000.0,-71799000.0,-15356000.0,-56443000.0,,-42772000.0,340000.0,-2739000.0,-42432000,,-42432000,-124000.0,-42556000,,-42556000,-42556000,FGEN,2018-09-30
781665,USD,2018,Q4,2019-02-27,2019-02-27,85127000.0,85127000.0,108054000.0,,108054000.0,-88135000.0,-17851000.0,-70284000.0,,19919000.0,1039000.0,-2733000.0,20958000,,20958000,-6000.0,20952000,,20952000,20952000,FGEN,2018-12-31
781665,USD,2019,Q1,2019-05-09,2019-05-09,85704000.0,85704000.0,23863000.0,,23863000.0,-72706000.0,-22210000.0,-50496000.0,,-48843000.0,3407000.0,-770000.0,-45436000,,-45436000,25000.0,-45411000,,-45411000,-45411000,FGEN,2019-03-31
781665,USD,2019,Q2,2019-08-08,2019-08-08,86445000.0,91728000.0,191566000.0,,191566000.0,-78747000.0,-26739000.0,-52008000.0,,112819000.0,3389000.0,-736000.0,116208000,,116208000,-205000.0,116003000,,116003000,116003000,FGEN,2019-06-30
781665,USD,2019,Q3,2019-11-12,2019-11-12,87007000.0,87007000.0,33174000.0,-242000.0,32932000.0,-85786000.0,-35823000.0,-49963000.0,,-52854000.0,3491000.0,-702000.0,-49363000,,-49363000,-76000.0,-49439000,,-49439000,-49439000,FGEN,2019-09-30
781665,USD,2019,Q4,2020-03-02,2020-03-02,87376000.0,82093000.0,7974000.0,-905000.0,7069000.0,-107505000.0,-50707000.0,-56798000.0,,-100436000.0,2385000.0,-668000.0,-98051000,,-98051000,-72000.0,-98123000,,-98123000,-98123000,FGEN,2019-12-31
781665,USD,2020,Q1,2020-05-07,2021-05-10,88219000.0,88219000.0,24401000.0,-970000.0,23431000.0,-104505000.0,-49603000.0,-54902000.0,,-81074000.0,2532000.0,-633000.0,-78542000,,-78542000,194000.0,-78348000,,-78348000,-78348000,FGEN,2020-03-31
