SimFinId,Currency,Fiscal Year,Fiscal Period,Publish Date,Restated Date,Shares (Basic),Shares (Diluted),Revenue,Cost of Revenue,Gross Profit,Operating Expenses,"Selling, General & Administrative",Research & Development,Depreciation & Amortization,Operating Income (Loss),Non-Operating Income (Loss),"Interest Expense, Net","Pretax Income (Loss), Adj.",Abnormal Gains (Losses),Pretax Income (Loss),"Income Tax (Expense) Benefit, Net",Income (Loss) from Continuing Operations,Net Extraordinary Gains (Losses),Net Income,Net Income (Common),Ticker,Report_Date
102057,USD,2014,Q3,2014-12-10,2015-12-10,48202093.0,48839990.0,150005000.0,-90410000.0,59595000.0,-46968000.0,-44063000.0,,-1773000.0,12627000.0,-4754000.0,-4754000.0,7873000,,7873000,-3022000.0,4851000,,4851000,4851000,OLLI,2014-11-30
102057,USD,2014,Q4,2015-03-10,2017-03-29,48198877.0,49188981.0,200665000.0,-121357000.0,79308000.0,-55186000.0,-52766000.0,,-1696000.0,24122000.0,-4636000.0,-4636000.0,19486000,0.0,19486000,-7478000.0,12008000,,12008000,12008000,OLLI,2015-02-28
102057,USD,2015,Q1,2015-06-02,2016-06-02,48197000.0,49545000.0,162470000.0,-98427000.0,64043000.0,-48556000.0,-45871000.0,,-1695000.0,15487000.0,-4574000.0,-4574000.0,10913000,,10913000,-4252000.0,6661000,,6661000,6661000,OLLI,2015-05-31
102057,USD,2015,Q2,2015-09-02,2016-09-01,50102000.0,52057000.0,181933000.0,-111875000.0,70058000.0,-53217000.0,-49575000.0,,-1760000.0,16841000.0,-4423000.0,-4423000.0,12418000,-2351000.0,10067000,-3715000.0,6352000,,6352000,6352000,OLLI,2015-08-31
102057,USD,2015,Q3,2015-12-10,2016-12-09,58478000.0,60704000.0,174565000.0,-104641000.0,69924000.0,-55986000.0,-51796000.0,,-1810000.0,13938000.0,-3289000.0,-3289000.0,10649000,0.0,10649000,-3887000.0,6762000,,6762000,6762000,OLLI,2015-11-30
102057,USD,2015,Q4,2016-03-02,2017-03-29,58563000.0,60878000.0,243402000.0,-144563000.0,98839000.0,-65533000.0,-62541000.0,,-1907000.0,33306000.0,-3130000.0,-3130000.0,30176000,-4359000.0,25817000,-9753000.0,16064000,,16064000,16064000,OLLI,2016-02-29
102057,USD,2016,Q1,2016-06-02,2017-06-02,59669000.0,61867000.0,193719000.0,-114704000.0,79015000.0,-58036000.0,-54809000.0,,-1978000.0,20979000.0,-1664000.0,-1664000.0,19315000,0.0,19315000,-7567000.0,11748000,,11748000,11748000,OLLI,2016-05-31
102057,USD,2016,Q2,2016-09-01,2017-09-01,60046000.0,62358000.0,211256000.0,-127442000.0,83814000.0,-61829000.0,-57737000.0,,-2068000.0,21985000.0,-1471000.0,-1471000.0,20514000,0.0,20514000,-7379000.0,13135000,,13135000,13135000,OLLI,2016-08-31
102057,USD,2016,Q3,2016-12-09,2017-12-07,60301000.0,62515000.0,201985000.0,-117795000.0,84190000.0,-65543000.0,-60522000.0,,-2142000.0,18647000.0,-1405000.0,-1405000.0,17242000,0.0,17242000,-6781000.0,10461000,,10461000,10461000,OLLI,2016-11-30
102057,USD,2016,Q4,2017-03-29,2017-03-29,60624000.0,62920000.0,283355000.0,-169963000.0,113392000.0,-72809000.0,-69823000.0,,-2255000.0,40583000.0,-1395000.0,-1395000.0,39188000,0.0,39188000,-14768000.0,24420000,,24420000,24420000,OLLI,2017-02-28
102057,USD,2017,Q1,2017-06-02,2017-06-02,60880000.0,64389000.0,227602000.0,-134667000.0,92935000.0,-65601000.0,-61731000.0,,-2272000.0,27334000.0,-1334000.0,-1334000.0,26000000,-397000.0,25603000,-6637000.0,18966000,,18966000,18966000,OLLI,2017-05-31
102057,USD,2017,Q2,2017-09-01,2017-09-01,61194000.0,64889000.0,254645000.0,-154419000.0,100226000.0,-70408000.0,-65778000.0,,-2375000.0,29818000.0,-1124000.0,-1124000.0,28694000,0.0,28694000,-8982000.0,19712000,,19712000,19712000,OLLI,2017-08-31
102057,USD,2017,Q3,2017-12-07,2017-12-07,61488000.0,65102000.0,238116000.0,-140127000.0,97989000.0,-73779000.0,-68124000.0,,-2503000.0,24210000.0,-1143000.0,-1143000.0,23067000,0.0,23067000,-4205000.0,18862000,,18862000,18862000,OLLI,2017-11-30
102057,USD,2017,Q4,2018-04-04,2018-04-04,61850000.0,65420000.0,356669000.0,-216172000.0,140497000.0,-86103000.0,-82541000.0,,-2667000.0,54394000.0,-870000.0,-870000.0,53524000,-401000.0,53123000,16931000.0,70054000,,70054000,70054000,OLLI,2018-02-28
102057,USD,2018,Q1,2018-06-07,2018-06-07,62169000.0,65624000.0,275739000.0,-162863000.0,112876000.0,-76891000.0,-72364000.0,,-2763000.0,35985000.0,-538000.0,-538000.0,35447000,-100000.0,35347000,-4893000.0,30454000,,30454000,30454000,OLLI,2018-05-31
102057,USD,2018,Q2,2018-09-07,2018-09-07,62444000.0,65868000.0,288098000.0,-175474000.0,112624000.0,-77761000.0,-72990000.0,,-2854000.0,34863000.0,-278000.0,-278000.0,34585000,0.0,34585000,-4737000.0,29848000,,29848000,29848000,OLLI,2018-08-31
102057,USD,2018,Q3,2018-12-07,2018-12-07,62747000.0,66095000.0,283606000.0,-168184000.0,115422000.0,-86133000.0,-78440000.0,,-2914000.0,29289000.0,-372000.0,-372000.0,28917000,0.0,28917000,-4100000.0,24817000,,24817000,24817000,OLLI,2018-11-30
102057,USD,2018,Q4,2019-03-29,2019-03-29,62912000.0,66033000.0,393934000.0,-237205000.0,156729000.0,-94812000.0,-88996000.0,,-3133000.0,61917000.0,-73000.0,-73000.0,61844000,-50000.0,61794000,-11900000.0,49894000,,49894000,49894000,OLLI,2019-02-28
102057,USD,2019,Q1,2019-06-10,2019-06-10,63188000.0,66176000.0,324854000.0,-192120000.0,132734000.0,-91950000.0,-83332000.0,,-3409000.0,40784000.0,145000.0,145000.0,40929000,0.0,40929000,-2212000.0,38717000,,38717000,38717000,OLLI,2019-05-31
102057,USD,2019,Q2,2019-09-06,2019-09-06,63517000.0,66300000.0,333865000.0,-209832000.0,124033000.0,-93282000.0,-87350000.0,,-3512000.0,30751000.0,372000.0,372000.0,31123000,0.0,31123000,-5953000.0,25170000,,25170000,25170000,OLLI,2019-08-31
102057,USD,2019,Q3,2019-12-12,2020-12-08,63173000.0,65672000.0,327049000.0,-193767000.0,133282000.0,-97549000.0,-90481000.0,,-3766000.0,35733000.0,142000.0,142000.0,35875000,,35875000,-8919000.0,26956000,,26956000,26956000,OLLI,2019-11-30
102057,USD,2019,Q4,2020-03-25,2020-03-25,62978000.0,65348000.0,422431000.0,-256891000.0,165540000.0,-100953000.0,-94897000.0,,-3895000.0,64587000.0,219000.0,219000.0,64806000,0.0,64806000,-14519000.0,50287000,,50287000,50287000,OLLI,2020-02-29
