SimFinId,Currency,Fiscal Year,Fiscal Period,Publish Date,Restated Date,Shares (Basic),Shares (Diluted),Revenue,Cost of Revenue,Gross Profit,Operating Expenses,"Selling, General & Administrative",Research & Development,Depreciation & Amortization,Operating Income (Loss),Non-Operating Income (Loss),"Interest Expense, Net","Pretax Income (Loss), Adj.",Abnormal Gains (Losses),Pretax Income (Loss),"Income Tax (Expense) Benefit, Net",Income (Loss) from Continuing Operations,Net Extraordinary Gains (Losses),Net Income,Net Income (Common),Ticker,Report_Date
749233,USD,2010,Q2,2010-07-27,2011-08-08,38830000.0,39136000.0,91435000.0,-20140000.0,71295000.0,-29905000.0,,,,41390000.0,-653000.0,-693000.0,40737000,7320000.0,48057000,-18021000.0,30036000,,30036000,30036000,WEX,2010-06-30
749233,USD,2010,Q3,2010-11-08,2011-11-04,38374000.0,38779000.0,100229000.0,-28289000.0,71940000.0,-33567000.0,,,,38373000.0,5531000.0,-1484000.0,43904000,-6169000.0,37735000,-17164000.0,20571000,,20571000,20571000,WEX,2010-09-30
749233,USD,2010,Q4,2011-02-28,2013-03-01,38406000.0,39171000.0,114896000.0,-35308000.0,79588000.0,-34225000.0,-2197000.0,,,45363000.0,-2321000.0,-2411000.0,43042000,-13439000.0,29603000,-11135000.0,18468000,,18468000,18468000,WEX,2010-12-31
749233,USD,2011,Q1,2011-05-05,2012-05-03,38516000.0,38872000.0,120090000.0,-31967000.0,88123000.0,-38686000.0,,,,49437000.0,-1951000.0,-2439000.0,47486000,-28440000.0,19046000,-6931000.0,12115000,,12115000,12115000,WEX,2011-03-31
749233,USD,2011,Q2,2011-08-08,2012-08-02,38722000.0,38947000.0,141272000.0,-37516000.0,103756000.0,-39761000.0,,,,63995000.0,-3544000.0,-3548000.0,60451000,3412000.0,63863000,-23248000.0,40615000,,40615000,40615000,WEX,2011-06-30
749233,USD,2011,Q3,2011-11-04,2012-11-01,38747000.0,38951000.0,151878000.0,-43833000.0,108045000.0,-40040000.0,,,,68005000.0,-3955000.0,-3100000.0,64050000,10316000.0,74366000,-26266000.0,48100000,,48100000,48100000,WEX,2011-09-30
749233,USD,2011,Q4,2012-02-28,2014-02-27,38759000.0,39222000.0,139836000.0,-40350000.0,99486000.0,-35796000.0,-3240000.0,,,63690000.0,-2685000.0,-2589000.0,61005000,-9675000.0,51330000,-18538000.0,32792000,,32792000,32792000,WEX,2011-12-31
749233,USD,2012,Q1,2012-05-03,2013-05-02,38820000.0,39123000.0,140122000.0,-38506000.0,101616000.0,-40837000.0,,,,60779000.0,-2305000.0,-2285000.0,58474000,-21628000.0,36846000,-13610000.0,23236000,,23236000,23236000,WEX,2012-03-31
749233,USD,2012,Q2,2012-08-02,2013-08-01,38883000.0,39084000.0,153064000.0,-42211000.0,110853000.0,-44759000.0,,,,66094000.0,-2762000.0,-2290000.0,63332000,27328000.0,90660000,-60325000.0,30335000,,30335000,30335000,WEX,2012-06-30
749233,USD,2012,Q3,2012-11-01,2013-10-31,38793000.0,38995000.0,160967000.0,-64494000.0,96473000.0,-42164000.0,,,,54309000.0,-2122000.0,-2302000.0,52187000,-17058000.0,35129000,-20845000.0,14284000,,14298000,14298000,WEX,2012-09-30
749233,USD,2012,Q4,2013-03-01,2015-02-26,38864000.0,39166000.0,168998000.0,-66143000.0,102855000.0,-50057000.0,-3679000.0,,,52798000.0,-3543000.0,-3556000.0,49255000,-5707000.0,43548000,-14694000.0,28854000,,29053000,29053000,WEX,2012-12-31
749233,USD,2013,Q1,2013-05-02,2014-04-30,38888000.0,39187000.0,165370000.0,-44389000.0,120981000.0,-56646000.0,,,,64335000.0,-7571000.0,-7339000.0,56764000,-11560000.0,45204000,-16627000.0,28577000,,28689000,28689000,WEX,2013-03-31
749233,USD,2013,Q2,2013-08-01,2014-07-30,38934000.0,39039000.0,178285000.0,-48243000.0,130042000.0,-58770000.0,,,,71272000.0,-8397000.0,-7369000.0,62875000,4423000.0,67298000,-25246000.0,42052000,,42213000,42213000,WEX,2013-06-30
749233,USD,2013,Q3,2013-10-31,2014-10-30,38978000.0,39081000.0,191525000.0,-50558000.0,140967000.0,-59252000.0,,,,81715000.0,-4401000.0,-7369000.0,77314000,-7312000.0,70002000,-26224000.0,43778000,,43838000,43838000,WEX,2013-09-30
749233,USD,2013,Q4,2014-02-27,2016-02-26,38984000.0,39105000.0,182283000.0,-50002000.0,132281000.0,-56897000.0,-3684000.0,,,75384000.0,-8086000.0,-7342000.0,67298000,-11402000.0,55896000,-22005000.0,33891000,,34468000,34468000,WEX,2013-12-31
749233,USD,2014,Q1,2014-04-30,2015-05-01,38966000.0,39145000.0,182068000.0,-52649000.0,129419000.0,-63516000.0,,,,65903000.0,-6323000.0,-7356000.0,59580000,-2521000.0,57059000,-20979000.0,36080000,,36542000,36542000,WEX,2014-03-31
749233,USD,2014,Q2,2014-07-30,2015-07-31,38856000.0,38946000.0,201581000.0,-53664000.0,147917000.0,-63827000.0,,,,84090000.0,-6038000.0,-7276000.0,78052000,-11322000.0,66730000,-23881000.0,42849000,,43333000,43333000,WEX,2014-06-30
749233,USD,2014,Q3,2014-10-30,2015-10-30,38867000.0,38961000.0,222134000.0,-64575000.0,157559000.0,-76836000.0,,,,80723000.0,-17400000.0,-9840000.0,63323000,35224000.0,98547000,-24697000.0,73850000,,74443000,74443000,WEX,2014-09-30
749233,USD,2014,Q4,2015-02-26,2017-03-06,38871000.0,38948000.0,211864000.0,-67162000.0,144702000.0,-78392000.0,-3934000.0,,,66310000.0,-19719000.0,-11570000.0,46591000,32712000.0,79303000,-32064000.0,47239000,,47893000,47893000,WEX,2014-12-31
749233,USD,2015,Q1,2015-05-01,2016-04-28,38859000.0,38952000.0,202285000.0,-58059000.0,144226000.0,-83645000.0,,,,60581000.0,-16464000.0,-12088000.0,44117000,-9592000.0,34525000,-14492000.0,20033000,,22345000,22345000,WEX,2015-03-31
749233,USD,2015,Q2,2015-07-31,2016-08-09,38739000.0,38799000.0,213653000.0,-60724000.0,152929000.0,-84977000.0,,,,67952000.0,-14077000.0,-11916000.0,53875000,-11034000.0,42841000,-16441000.0,26400000,,26492000,26492000,WEX,2015-06-30
749233,USD,2015,Q3,2015-10-30,2016-11-08,38745000.0,38808000.0,226057000.0,-66526000.0,159531000.0,-86591000.0,,,,72940000.0,-4805000.0,-11330000.0,68135000,4361000.0,72496000,-30714000.0,41782000,,32166000,32166000,WEX,2015-09-30
749233,USD,2015,Q4,2016-02-26,2018-03-01,38741000.0,38813000.0,212642000.0,-68301000.0,144341000.0,-88608000.0,,,,55733000.0,-16532000.0,-10855000.0,39201000,-4155000.0,35046000,-13649000.0,21397000,,20901000,20901000,WEX,2015-12-31
749233,USD,2016,Q1,2016-04-28,2017-05-08,38756000.0,38850000.0,205928000.0,-65231000.0,140697000.0,-92269000.0,,,,48428000.0,-5434000.0,-21558000.0,42994000,-6590000.0,36404000,-13183000.0,23221000,,23086000,23086000,WEX,2016-03-31
749233,USD,2016,Q2,2016-08-09,2017-08-09,38806000.0,38857000.0,233936000.0,-77646000.0,156290000.0,-95036000.0,,,,61254000.0,-35241000.0,-30418000.0,26013000,-9619000.0,16394000,-4482000.0,11912000,,12567000,12567000,WEX,2016-06-30
749233,USD,2016,Q3,2016-11-08,2017-11-08,42788000.0,42871000.0,287756000.0,-112370000.0,175386000.0,-111016000.0,,,,64370000.0,-29132000.0,-35064000.0,35238000,-9970000.0,25268000,-6065000.0,19203000,,19696000,19696000,WEX,2016-09-30
749233,USD,2016,Q4,2017-03-06,2019-03-18,42886000.0,43078000.0,284868000.0,-203560000.0,81308000.0,-96835000.0,-316384000.0,,-78772000.0,-15527000.0,-39936000.0,-26378000.0,-55463000,26327000.0,-29136000,-4862000.0,-33998000,,-31850000,-31850000,WEX,2016-12-31
749233,USD,2017,Q1,2017-05-08,2018-05-10,42871000.0,43119000.0,291357000.0,-116442000.0,174915000.0,-114163000.0,-82309000.0,,-31854000.0,60752000.0,-17141000.0,-27148000.0,43611000,,43611000,-14535000.0,29076000,,29401000,29401000,WEX,2017-03-31
749233,USD,2017,Q2,2017-08-09,2018-08-08,43002000.0,43060000.0,303884000.0,-128487000.0,175397000.0,-111641000.0,-80056000.0,,-31585000.0,63756000.0,-20286000.0,-28547000.0,43470000,-16175000.0,27295000,-10655000.0,16640000,,17090000,17090000,WEX,2017-06-30
749233,USD,2017,Q3,2017-11-08,2018-11-08,43014000.0,43101000.0,324002000.0,-134807000.0,189195000.0,-125472000.0,-93123000.0,,-32349000.0,63723000.0,-11293000.0,-25754000.0,52430000,,52430000,-18570000.0,33860000,,33971000,33971000,WEX,2017-09-30
749233,USD,2017,Q4,2018-03-01,2020-02-28,43021000.0,43140000.0,329334000.0,-134549000.0,194785000.0,-126380000.0,-92505000.0,,-33875000.0,68405000.0,-25546000.0,-25618000.0,42859000,8221000.0,51080000,28310000.0,79390000,,79600000,79600000,WEX,2017-12-31
749233,USD,2018,Q1,2018-05-10,2019-05-10,43049000.0,43450000.0,354028000.0,-128593000.0,225435000.0,-141576000.0,-111850000.0,,-29726000.0,83859000.0,-13439000.0,-27337000.0,70420000,,70420000,-17749000.0,52671000,,51970000,51970000,WEX,2018-03-31
749233,USD,2018,Q2,2018-08-08,2019-08-09,43181000.0,43546000.0,370798000.0,-135068000.0,235730000.0,-135306000.0,-105286000.0,,-30020000.0,100424000.0,-49533000.0,-25505000.0,50891000,,50891000,-12325000.0,38566000,,38424000,38424000,WEX,2018-06-30
749233,USD,2018,Q3,2018-11-08,2019-11-08,43191000.0,43615000.0,386617000.0,-146838000.0,239779000.0,-134791000.0,-105737000.0,,-29054000.0,104988000.0,-24655000.0,-25718000.0,80333000,-2424000.0,77909000,-21305000.0,56604000,,56644000,56644000,WEX,2018-09-30
749233,USD,2018,Q4,2019-03-20,2021-03-01,43203000.0,43685000.0,381196000.0,-137430000.0,243766000.0,-146750000.0,-115680000.0,,-31070000.0,97016000.0,-53617000.0,-26463000.0,43399000,-4000000.0,39399000,-17464000.0,21935000,,21257000,21257000,WEX,2018-12-31
749233,USD,2019,Q1,2019-05-10,2020-05-11,43220000.0,43572000.0,381876000.0,-153233000.0,228643000.0,-159708000.0,-128524000.0,,-31184000.0,68935000.0,-46909000.0,-31112000.0,22026000,,22026000,-5818000.0,16208000,,16134000,16134000,WEX,2019-03-31
749233,USD,2019,Q2,2019-08-09,2020-08-05,43329000.0,43761000.0,441807000.0,-160773000.0,281034000.0,-186297000.0,-149078000.0,,-37219000.0,94737000.0,-50489000.0,-35638000.0,44248000,,44248000,-12397000.0,31851000,,13807000,13807000,WEX,2019-06-30
749233,USD,2019,Q3,2019-11-08,2020-11-09,43349000.0,43811000.0,459963000.0,-165679000.0,294284000.0,-175973000.0,-139112000.0,,-36861000.0,118311000.0,-56727000.0,-34549000.0,61584000,,61584000,-19137000.0,42447000,,14619000,14619000,WEX,2019-09-30
749233,USD,2019,Q4,2020-02-28,2021-03-01,43366000.0,43932000.0,440045000.0,-180085000.0,259960000.0,-156102000.0,-118962000.0,,-37140000.0,103858000.0,-16132000.0,-33378000.0,87726000,932000.0,88658000,-23871000.0,64787000,,111763000,111763000,WEX,2019-12-31
749233,USD,2020,Q1,2020-05-11,2021-05-06,43416000.0,43416000.0,431679000.0,-185832000.0,245847000.0,-171018000.0,-130818000.0,,-40200000.0,74829000.0,-92805000.0,-32031000.0,-17976000,,-17976000,5707000.0,-12269000,,-13632000,-13632000,WEX,2020-03-31
