SimFinId,Currency,Fiscal Year,Fiscal Period,Publish Date,Restated Date,Shares (Basic),Shares (Diluted),Revenue,Cost of Revenue,Gross Profit,Operating Expenses,"Selling, General & Administrative",Research & Development,Depreciation & Amortization,Operating Income (Loss),Non-Operating Income (Loss),"Interest Expense, Net","Pretax Income (Loss), Adj.",Abnormal Gains (Losses),Pretax Income (Loss),"Income Tax (Expense) Benefit, Net",Income (Loss) from Continuing Operations,Net Extraordinary Gains (Losses),Net Income,Net Income (Common),Ticker,Report_Date
116586,USD,2009,Q4,2010-05-24,2011-05-23,809695000.0,803810000.0,5582524000.0,-5473661000.0,108863000.0,-312783000.0,-195825000.0,,-27696000.0,-203920000.0,-41434000.0,-56567000.0,-245354000,-21753000.0,-267107000,17858000.0,-249249000,,-249249000,-249249000,FLEX,2010-03-31
116586,USD,2010,Q1,2010-08-05,2010-08-05,810174000.0,810174000.0,5782679000.0,-5558684000.0,223995000.0,-225026000.0,-201692000.0,,-23334000.0,-1031000.0,-144285000.0,-36886000.0,-145316000,-12730000.0,-158046000,4003000.0,-154043000,,-154043000,-154043000,FLEX,2010-06-30
116586,USD,2010,Q2,2010-11-03,2010-11-03,811364000.0,817260000.0,5831761000.0,-5532181000.0,299580000.0,-290955000.0,-176246000.0,,-22710000.0,8625000.0,-38091000.0,-38091000.0,-29466000,-187000.0,-29653000,49312000.0,19659000,,19659000,19659000,FLEX,2010-09-30
116586,USD,2010,Q3,2011-02-02,2011-02-02,812367000.0,825545000.0,6556137000.0,-6183085000.0,373052000.0,-227054000.0,-205614000.0,,-21440000.0,145998000.0,-40555000.0,-40555000.0,105443000,-162000.0,105281000,-12411000.0,92870000,,92870000,92870000,FLEX,2010-12-31
116586,USD,2010,Q4,2011-05-23,2012-05-29,812803000.0,831469000.0,5839207000.0,-5524282000.0,314925000.0,-308539000.0,-171512000.0,,-22131000.0,6386000.0,67277000.0,-40122000.0,73663000,-1991000.0,71672000,-5156000.0,66516000,-6408000.0,60108000,60108000,FLEX,2011-03-31
116586,USD,2011,Q1,2011-08-09,2011-08-09,810637000.0,824017000.0,6565880000.0,-6195062000.0,370818000.0,-213708000.0,-195718000.0,,-17990000.0,157110000.0,-27529000.0,-27529000.0,129581000,,129581000,-11403000.0,118178000,,118178000,118178000,FLEX,2011-06-30
116586,USD,2011,Q2,2011-11-04,2011-11-04,776362000.0,784271000.0,7422338000.0,-7024691000.0,397647000.0,-220393000.0,-198954000.0,,-21439000.0,177254000.0,-22838000.0,-22838000.0,154416000,,154416000,-10000000.0,144416000,,144416000,144416000,FLEX,2011-09-30
116586,USD,2011,Q3,2012-02-02,2012-02-02,762387000.0,776595000.0,7832856000.0,-7399280000.0,433576000.0,-244875000.0,-215070000.0,,-16571000.0,188701000.0,-10848000.0,-10848000.0,177853000,,177853000,20437000.0,198290000,,198290000,198290000,FLEX,2011-12-31
116586,USD,2011,Q4,2012-05-29,2013-05-28,759874000.0,775885000.0,6621559000.0,-6240255000.0,381304000.0,-195111000.0,-192030000.0,,-10188000.0,186193000.0,-13733000.0,61215000.0,172460000,,172460000,-21083000.0,151377000,-16042000.0,135335000,135335000,FLEX,2012-03-31
116586,USD,2012,Q1,2012-07-30,2012-07-30,746762000.0,759823000.0,7506204000.0,-7105426000.0,400778000.0,-226060000.0,-212758000.0,,-13302000.0,174718000.0,-22215000.0,,152503000,,152503000,-17096000.0,135407000,-3432000.0,131975000,131975000,FLEX,2012-06-30
116586,USD,2012,Q2,2012-10-26,2012-10-26,722208000.0,731049000.0,8008428000.0,-7635910000.0,372518000.0,-221837000.0,-210378000.0,,-11459000.0,150681000.0,-1419000.0,,149262000,,149262000,-15313000.0,133949000,-4069000.0,129880000,129880000,FLEX,2012-09-30
116586,USD,2012,Q3,2013-02-04,2013-02-04,710324000.0,720894000.0,7469347000.0,-7083600000.0,385747000.0,-257731000.0,-244830000.0,,-12901000.0,128016000.0,-7695000.0,,120321000,,120321000,-14115000.0,106206000,-4029000.0,102177000,102177000,FLEX,2012-12-31
116586,USD,2012,Q4,2013-05-28,2014-05-20,685694000.0,699462000.0,6359050000.0,-6000143000.0,358907000.0,-201573000.0,-209598000.0,,-11910000.0,157334000.0,-4690000.0,,152644000,,152644000,-7436000.0,145208000,-20475000.0,124733000,124733000,FLEX,2013-03-31
116586,USD,2013,Q1,2013-08-02,2013-08-02,675366000.0,688256000.0,5975995000.0,-5618638000.0,357357000.0,-198153000.0,-190344000.0,,-7809000.0,159204000.0,-10785000.0,,148419000,,148419000,-11650000.0,136769000,-8297000.0,128472000,128472000,FLEX,2013-06-30
116586,USD,2013,Q2,2013-10-26,2013-11-01,666265000.0,678086000.0,6174841000.0,-5808069000.0,366772000.0,-199448000.0,-192183000.0,,-7265000.0,167324000.0,10450000.0,,177774000,,177774000,-17321000.0,160453000,-9906000.0,150547000,150547000,FLEX,2013-09-30
116586,USD,2013,Q3,2014-01-31,2014-01-31,658925000.0,669488000.0,6123321000.0,-5876859000.0,246462000.0,-213361000.0,-207224000.0,,-6137000.0,33101000.0,17089000.0,,50190000,-4376000.0,45814000,8782000.0,54596000,-7248000.0,47348000,47348000,FLEX,2013-12-31
116586,USD,2013,Q4,2014-05-20,2015-05-21,650940000.0,664302000.0,5295318000.0,-5099661000.0,195657000.0,-158612000.0,-215484000.0,,-8318000.0,37045000.0,-73013000.0,,-35968000,-7224000.0,-43192000,-6124000.0,-49316000,0.0,-49316000,-49316000,FLEX,2014-03-31
116586,USD,2014,Q1,2014-07-28,2014-07-28,626120000.0,639899000.0,5791125000.0,-5480090000.0,311035000.0,-238932000.0,-223619000.0,,-8202000.0,72103000.0,-12573000.0,,59530000,,59530000,-273000.0,59257000,,59257000,59257000,FLEX,2014-06-30
116586,USD,2014,Q2,2014-10-30,2014-10-30,610775000.0,623620000.0,6410106000.0,-6041683000.0,368423000.0,-225218000.0,-218500000.0,,-7718000.0,143205000.0,-14601000.0,,128604000,,128604000,-10399000.0,118205000,,118205000,118205000,FLEX,2014-09-30
116586,USD,2014,Q3,2015-01-29,2015-01-29,606724000.0,618677000.0,7183442000.0,-6784823000.0,398619000.0,-226552000.0,-224576000.0,,-5575000.0,172067000.0,-18342000.0,,153725000,,153725000,-8568000.0,145157000,,145157000,145157000,FLEX,2014-12-31
116586,USD,2014,Q4,2015-05-21,2017-05-16,598369000.0,611720000.0,6763243000.0,-6295980000.0,467263000.0,-132573000.0,-177778000.0,,-10540000.0,334690000.0,-5894000.0,,328796000,0.0,328796000,-50614000.0,278182000,,278182000,278182000,FLEX,2015-03-31
116586,USD,2015,Q1,2015-07-27,2015-07-27,587233000.0,601300000.0,6642745000.0,-6261960000.0,380785000.0,-172219000.0,-209277000.0,,-6951000.0,208566000.0,-18637000.0,,189929000,,189929000,-16042000.0,173887000,,173887000,173887000,FLEX,2015-06-30
116586,USD,2015,Q2,2015-10-26,2016-10-31,585760000.0,595871000.0,6316762000.0,-5919846000.0,396916000.0,-234601000.0,-216796000.0,,-16127000.0,162315000.0,-22035000.0,,140280000,,140280000,-17303000.0,122977000,,122977000,122977000,FLEX,2015-09-30
116586,USD,2015,Q3,2016-02-01,2017-01-27,577157000.0,587201000.0,6763177000.0,-6310710000.0,452467000.0,-304351000.0,-240617000.0,,-19319000.0,148116000.0,-21566000.0,,126550000,,126550000,22360000.0,148910000,,148910000,148910000,FLEX,2015-12-31
116586,USD,2015,Q4,2016-05-20,2017-05-16,569774000.0,581852000.0,4696201000.0,-4318308000.0,377893000.0,-357422000.0,-288200000.0,,-23568000.0,20471000.0,-22555000.0,,-2084000,0.0,-2084000,391000.0,-1693000,,-1693000,-1693000,FLEX,2016-03-31
116586,USD,2016,Q1,2016-07-27,2017-08-01,565545000.0,577997000.0,5876813000.0,-5470818000.0,405995000.0,-264673000.0,-239546000.0,,-21598000.0,141322000.0,-24399000.0,,116923000,,116923000,-11194000.0,105729000,,105729000,105729000,FLEX,2016-06-30
116586,USD,2016,Q2,2016-10-31,2017-10-30,563333000.0,569655000.0,6008525000.0,-5694834000.0,313691000.0,-274317000.0,-243943000.0,,-21986000.0,39374000.0,-24632000.0,,14742000,,14742000,-17250000.0,-2508000,,-2508000,-2508000,FLEX,2016-09-30
116586,USD,2016,Q3,2017-01-27,2017-01-27,554919000.0,560996000.0,6114999000.0,-5698544000.0,416455000.0,-253375000.0,-231551000.0,,-18734000.0,163080000.0,-22838000.0,,140242000,,140242000,-10773000.0,129469000,,129469000,129469000,FLEX,2016-12-31
116586,USD,2016,Q4,2017-05-16,2017-05-16,546871000.0,550828000.0,5862597000.0,-5477793000.0,384804000.0,-247563000.0,-222299000.0,,-19078000.0,137241000.0,-27663000.0,,109578000,-10637000.0,98941000,-12067000.0,86874000,,86874000,86874000,FLEX,2017-03-31
116586,USD,2017,Q1,2017-08-01,2017-08-01,544631000.0,551029000.0,6008272000.0,-5601340000.0,406932000.0,-234547000.0,-250811000.0,,-19901000.0,172385000.0,-26876000.0,,145509000,,145509000,-20799000.0,124710000,,124710000,124710000,FLEX,2017-06-30
116586,USD,2017,Q2,2017-10-30,2017-10-30,531313000.0,536019000.0,6270420000.0,-5877095000.0,393325000.0,-147358000.0,-274149000.0,,-16376000.0,245967000.0,-27554000.0,,218413000,,218413000,-13327000.0,205086000,,205086000,205086000,FLEX,2017-09-30
116586,USD,2017,Q3,2018-01-29,2018-01-29,528405000.0,534352000.0,6751552000.0,-6305224000.0,446328000.0,-273818000.0,-247365000.0,,-19588000.0,172510000.0,-31350000.0,,141160000,,141160000,-22827000.0,118333000,,118333000,118333000,FLEX,2017-12-31
116586,USD,2017,Q4,2018-06-20,2018-06-20,514779000.0,524992000.0,6410887000.0,-6061590000.0,349297000.0,-272597000.0,-247074000.0,,-22775000.0,76700000.0,-37043000.0,,39657000,-23846000.0,15811000,-35406000.0,-19595000,,-19595000,-19595000,FLEX,2018-03-31
116586,USD,2018,Q1,2018-08-02,2018-08-02,529380000.0,535454000.0,6423956000.0,-6046102000.0,377854000.0,-194475000.0,-262882000.0,,-18517000.0,183379000.0,-41742000.0,,141637000,,141637000,-25602000.0,116035000,,116035000,116035000,FLEX,2018-06-30
116586,USD,2018,Q2,2018-11-02,2018-11-02,531503000.0,534458000.0,6710604000.0,-6308303000.0,402301000.0,-252447000.0,-227683000.0,,-18234000.0,149854000.0,-41060000.0,,108794000,,108794000,-21909000.0,86885000,,86885000,86885000,FLEX,2018-09-30
116586,USD,2018,Q3,2019-02-06,2019-02-06,524876000.0,524876000.0,6944827000.0,-6587502000.0,357325000.0,-329743000.0,-237556000.0,,-20308000.0,27582000.0,-54087000.0,,-26505000,-5408000.0,-31913000,-13256000.0,-45169000,,-45169000,-45169000,FLEX,2018-12-31
116586,USD,2018,Q4,2019-05-21,2019-05-21,520317000.0,525492000.0,6131613000.0,-5751093000.0,380520000.0,-370335000.0,-224879000.0,,-16941000.0,10185000.0,-38111000.0,-175000000.0,-27926000,-8592000.0,-36518000,-28233000.0,-64751000,,-64751000,-64751000,FLEX,2019-03-31
116586,USD,2019,Q1,2019-07-26,2019-07-26,514238000.0,517550000.0,6175939000.0,-5823180000.0,352759000.0,-228169000.0,-209624000.0,,-17082000.0,124590000.0,-51694000.0,,72896000,-8787000.0,64109000,-19237000.0,44872000,,44872000,44872000,FLEX,2019-06-30
116586,USD,2019,Q2,2019-10-30,2019-10-30,512692000.0,512692000.0,6088054000.0,-5898961000.0,189093000.0,-222680000.0,-205310000.0,,-16223000.0,-33587000.0,-47749000.0,,-81336000,-14357000.0,-95693000,-21247000.0,-116940000,,-116940000,-116940000,FLEX,2019-09-30
116586,USD,2019,Q3,2020-01-31,2021-01-29,506938000.0,510339000.0,6461000000.0,-6031000000.0,430000000.0,-234000000.0,-218000000.0,,-16000000.0,196000000.0,-50000000.0,-50000000.0,146000000,-1000000.0,145000000,-34000000.0,111000000,,111000000,111000000,FLEX,2019-12-31
116586,USD,2019,Q4,2020-05-28,2020-05-28,501228000.0,509167000.0,5485007000.0,-5117859000.0,367148000.0,-295151000.0,-201066000.0,,-14695000.0,71997000.0,-24557000.0,-124000000.0,47440000,-1856000.0,45584000,3484000.0,49068000,,49068000,49068000,FLEX,2020-03-31
