SimFinId,Currency,Fiscal Year,Fiscal Period,Publish Date,Restated Date,Shares (Basic),Shares (Diluted),Revenue,Cost of Revenue,Gross Profit,Operating Expenses,"Selling, General & Administrative",Research & Development,Depreciation & Amortization,Operating Income (Loss),Non-Operating Income (Loss),"Interest Expense, Net","Pretax Income (Loss), Adj.",Abnormal Gains (Losses),Pretax Income (Loss),"Income Tax (Expense) Benefit, Net",Income (Loss) from Continuing Operations,Net Extraordinary Gains (Losses),Net Income,Net Income (Common),Ticker,Report_Date
65470,USD,2011,Q4,2012-02-21,2014-02-13,142226000.0,146582000.0,1044500000.0,-763900000.0,280600000.0,-166300000.0,-42000000.0,,-62800000.0,114300000.0,-13200000.0,-14300000.0,101100000,-100000.0,101000000,-36500000.0,64500000,,64500000,64500000,ALK,2011-12-31
65470,USD,2012,Q1,2012-05-03,2013-05-08,142384000.0,145318000.0,1039000000.0,-798000000.0,241000000.0,-169000000.0,-41000000.0,,-64000000.0,72000000.0,-6000000.0,-12000000.0,66000000,,66000000,-25000000.0,41000000,,41000000,41000000,ALK,2012-03-31
65470,USD,2012,Q2,2012-08-08,2013-08-07,141992000.0,144400000.0,1214000000.0,-927000000.0,287000000.0,-171000000.0,-44000000.0,,-66000000.0,116000000.0,-7000000.0,-12000000.0,109000000,,109000000,-41000000.0,68000000,,68000000,68000000,ALK,2012-06-30
65470,USD,2012,Q3,2012-11-07,2013-11-06,141926000.0,143766000.0,1272000000.0,-832000000.0,440000000.0,-171000000.0,-46000000.0,,-66000000.0,269000000.0,-4000000.0,-10000000.0,265000000,,265000000,-102000000.0,163000000,,163000000,163000000,ALK,2012-09-30
65470,USD,2012,Q4,2013-02-14,2015-02-11,139362000.0,140788000.0,1132000000.0,-888000000.0,244000000.0,-169000000.0,-37000000.0,,-68000000.0,75000000.0,-1000000.0,-11000000.0,74000000,0.0,74000000,-30000000.0,44000000,,44000000,44000000,ALK,2012-12-31
65470,USD,2013,Q1,2013-05-08,2014-05-09,140862000.0,142828000.0,1133000000.0,-895000000.0,238000000.0,-174000000.0,-38000000.0,,-69000000.0,64000000.0,-5000000.0,-12000000.0,59000000,,59000000,-22000000.0,37000000,,37000000,37000000,ALK,2013-03-31
65470,USD,2013,Q2,2013-08-07,2014-08-06,140503726.0,142318724.0,1256000000.0,-898000000.0,358000000.0,-184000000.0,-51000000.0,,-68000000.0,174000000.0,-5000000.0,-10000000.0,169000000,,169000000,-65000000.0,104000000,,104000000,104000000,ALK,2013-06-30
65470,USD,2013,Q3,2013-11-06,2014-11-05,139559018.0,141383096.0,1557000000.0,-904000000.0,653000000.0,-183000000.0,-47000000.0,,-67000000.0,470000000.0,-7000000.0,-8000000.0,463000000,,463000000,-174000000.0,289000000,,289000000,289000000,ALK,2013-09-30
65470,USD,2013,Q4,2014-02-13,2016-02-11,138715256.0,140982180.0,1210000000.0,-849000000.0,361000000.0,-231000000.0,-43000000.0,,-66000000.0,130000000.0,-5000000.0,-8000000.0,125000000,0.0,125000000,-47000000.0,78000000,,78000000,78000000,ALK,2013-12-31
65470,USD,2014,Q1,2014-05-09,2015-05-07,137334000.0,138822000.0,1222000000.0,-884000000.0,338000000.0,-197000000.0,-46000000.0,,-70000000.0,141000000.0,11000000.0,-7000000.0,152000000,,152000000,-58000000.0,94000000,,94000000,94000000,ALK,2014-03-31
65470,USD,2014,Q2,2014-08-06,2015-08-05,137274000.0,138711000.0,1375000000.0,-905000000.0,470000000.0,-207000000.0,-53000000.0,,-73000000.0,263000000.0,2000000.0,-7000000.0,265000000,,265000000,-100000000.0,165000000,,165000000,165000000,ALK,2014-06-30
65470,USD,2014,Q3,2014-11-05,2015-11-04,134865000.0,136158000.0,1465000000.0,-952000000.0,513000000.0,-197000000.0,-55000000.0,,-75000000.0,316000000.0,0.0,-7000000.0,316000000,,316000000,-118000000.0,198000000,,198000000,198000000,ALK,2014-09-30
65470,USD,2014,Q4,2015-02-11,2016-02-11,132307000.0,133513000.0,1306000000.0,-836000000.0,470000000.0,-258000000.0,-45000000.0,,-76000000.0,212000000.0,0.0,-6000000.0,212000000,30000000.0,242000000,-94000000.0,148000000,,148000000,148000000,ALK,2014-12-31
65470,USD,2015,Q1,2015-05-07,2016-05-09,131120000.0,132230000.0,1269000000.0,-804000000.0,465000000.0,-227000000.0,-53000000.0,,-76000000.0,238000000.0,2000000.0,-6000000.0,240000000,,240000000,-91000000.0,149000000,,149000000,149000000,ALK,2015-03-31
65470,USD,2015,Q2,2015-08-05,2016-08-02,129236000.0,130255000.0,1437000000.0,-821000000.0,616000000.0,-244000000.0,-54000000.0,,-79000000.0,372000000.0,4000000.0,-5000000.0,376000000,0.0,376000000,-142000000.0,234000000,,234000000,234000000,ALK,2015-06-30
65470,USD,2015,Q3,2015-11-04,2016-11-02,127308000.0,128205000.0,1515000000.0,-846000000.0,669000000.0,-236000000.0,-53000000.0,,-81000000.0,433000000.0,4000000.0,-5000000.0,437000000,0.0,437000000,-163000000.0,274000000,,274000000,274000000,ALK,2015-09-30
65470,USD,2015,Q4,2016-02-11,2016-02-11,125828000.0,126798000.0,1377000000.0,-838000000.0,539000000.0,-252000000.0,-51000000.0,,-84000000.0,287000000.0,4000000.0,-5000000.0,291000000,-32000000.0,259000000,-68000000.0,191000000,,191000000,191000000,ALK,2015-12-31
65470,USD,2016,Q1,2016-05-09,2017-05-05,124550000.0,125328000.0,1347000000.0,-803000000.0,544000000.0,-254000000.0,-49000000.0,,-88000000.0,290000000.0,2000000.0,-7000000.0,292000000,,292000000,-108000000.0,184000000,,184000000,184000000,ALK,2016-03-31
65470,USD,2016,Q2,2016-08-02,2016-08-02,123250000.0,123988000.0,1494000000.0,-810000000.0,684000000.0,-252000000.0,-55000000.0,,-92000000.0,432000000.0,2000000.0,-2000000.0,434000000,-14000000.0,420000000,-160000000.0,260000000,,260000000,260000000,ALK,2016-06-30
65470,USD,2016,Q3,2016-11-02,2016-11-02,123149000.0,123833000.0,1566000000.0,-868000000.0,698000000.0,-276000000.0,-58000000.0,,-101000000.0,422000000.0,2000000.0,-4000000.0,424000000,-22000000.0,402000000,-146000000.0,256000000,,256000000,256000000,ALK,2016-09-30
65470,USD,2016,Q4,2017-02-28,2017-02-28,123279000.0,124407000.0,1524000000.0,-936000000.0,588000000.0,-266000000.0,-63000000.0,,-82000000.0,322000000.0,-10000000.0,-15000000.0,312000000,-81000000.0,231000000,-117000000.0,114000000,,114000000,114000000,ALK,2016-12-31
65470,USD,2017,Q1,2017-05-05,2017-05-05,123495000.0,124299000.0,1749000000.0,-1211000000.0,538000000.0,-332000000.0,-81000000.0,,-90000000.0,206000000.0,-14000000.0,-18000000.0,192000000,-40000000.0,152000000,-53000000.0,99000000,,99000000,99000000,ALK,2017-03-31
65470,USD,2017,Q2,2017-08-03,2017-08-03,123573000.0,124332000.0,2102000000.0,-1231000000.0,871000000.0,-354000000.0,-97000000.0,,-90000000.0,517000000.0,-14000000.0,-17000000.0,503000000,-24000000.0,479000000,-183000000.0,296000000,,296000000,296000000,ALK,2017-06-30
65470,USD,2017,Q3,2017-11-02,2017-11-02,123467000.0,124220000.0,2120000000.0,-1291000000.0,829000000.0,-366000000.0,-91000000.0,,-95000000.0,463000000.0,-12000000.0,-17000000.0,451000000,-24000000.0,427000000,-161000000.0,266000000,,266000000,266000000,ALK,2017-09-30
65470,USD,2017,Q4,2018-02-15,2018-02-15,122309000.0,122565000.0,1962000000.0,-1407000000.0,555000000.0,-363000000.0,-88000000.0,,-97000000.0,192000000.0,-13000000.0,-17000000.0,179000000,-30000000.0,149000000,224000000.0,373000000,,373000000,373000000,ALK,2017-12-31
65470,USD,2018,Q1,2018-05-04,2018-05-04,123155000.0,123630000.0,1832000000.0,-1422000000.0,410000000.0,-350000000.0,-78000000.0,,-94000000.0,60000000.0,-23000000.0,-16000000.0,37000000,-31000000.0,6000000,-2000000.0,4000000,,4000000,4000000,ALK,2018-03-31
65470,USD,2018,Q2,2018-08-08,2018-08-08,123268000.0,124036000.0,2156000000.0,-1481000000.0,675000000.0,-365000000.0,-88000000.0,,-97000000.0,310000000.0,-12000000.0,-15000000.0,298000000,-39000000.0,259000000,-66000000.0,193000000,,193000000,193000000,ALK,2018-06-30
65470,USD,2018,Q3,2018-11-02,2018-11-02,123224000.0,123864000.0,2212000000.0,-1536000000.0,676000000.0,-357000000.0,-79000000.0,,-99000000.0,319000000.0,-13000000.0,-11000000.0,306000000,-22000000.0,284000000,-67000000.0,217000000,,217000000,217000000,ALK,2018-09-30
65470,USD,2018,Q4,2019-02-15,2019-02-15,123273000.0,124370000.0,2064000000.0,-1600000000.0,464000000.0,-378000000.0,-81000000.0,,-108000000.0,86000000.0,-10000000.0,-11000000.0,76000000,-40000000.0,36000000,-13000000.0,23000000,,23000000,23000000,ALK,2018-12-31
65470,USD,2019,Q1,2019-05-09,2019-05-09,123291000.0,123915000.0,1876000000.0,-1468000000.0,408000000.0,-357000000.0,-72000000.0,,-106000000.0,51000000.0,-19000000.0,-13000000.0,32000000,-26000000.0,6000000,-2000000.0,4000000,,4000000,4000000,ALK,2019-03-31
65470,USD,2019,Q2,2019-08-06,2019-08-06,123418000.0,124301000.0,2288000000.0,-1546000000.0,742000000.0,-370000000.0,-87000000.0,,-105000000.0,372000000.0,-13000000.0,-9000000.0,359000000,-8000000.0,351000000,-89000000.0,262000000,,262000000,262000000,ALK,2019-06-30
65470,USD,2019,Q3,2019-11-07,2019-11-07,123280000.0,124067000.0,2389000000.0,-1600000000.0,789000000.0,-362000000.0,-77000000.0,,-106000000.0,427000000.0,-6000000.0,-7000000.0,421000000,-5000000.0,416000000,-94000000.0,322000000,,322000000,322000000,ALK,2019-09-30
65470,USD,2019,Q4,2020-02-12,2020-02-12,123127000.0,124873000.0,2228000000.0,-1599000000.0,629000000.0,-372000000.0,-77000000.0,,-106000000.0,257000000.0,-9000000.0,-7000000.0,248000000,-5000000.0,243000000,-62000000.0,181000000,,181000000,181000000,ALK,2019-12-31
65470,USD,2020,Q1,2020-05-28,2021-05-06,122818000.0,124123000.0,1636000000.0,-1444000000.0,192000000.0,-350000000.0,-55000000.0,,-108000000.0,-158000000.0,4000000.0,-1000000.0,-154000000,-163000000.0,-317000000,85000000.0,-232000000,,-232000000,-232000000,ALK,2020-03-31
