SimFinId,Currency,Fiscal Year,Fiscal Period,Publish Date,Restated Date,Shares (Basic),Shares (Diluted),Revenue,Cost of Revenue,Gross Profit,Operating Expenses,"Selling, General & Administrative",Research & Development,Depreciation & Amortization,Operating Income (Loss),Non-Operating Income (Loss),"Interest Expense, Net","Pretax Income (Loss), Adj.",Abnormal Gains (Losses),Pretax Income (Loss),"Income Tax (Expense) Benefit, Net",Income (Loss) from Continuing Operations,Net Extraordinary Gains (Losses),Net Income,Net Income (Common),Ticker,Report_Date
441025,USD,2010,Q3,2010-11-04,2011-11-09,94259000.0,94259000.0,437477000.0,-218769000.0,218708000.0,-219344000.0,-219344000.0,,,-636000.0,-40787000.0,-11459000.0,-41423000,,-41423000,-1086000.0,-42509000,-20295000.0,-62694000,-62694000,KATE,2010-09-30
441025,USD,2010,Q4,2011-02-17,2013-02-21,94300000.0,94300000.0,415552000.0,-200305000.0,215247000.0,-194783000.0,-194783000.0,,,20464000.0,2452000.0,-11943000.0,22916000,,22916000,-6472000.0,16444000,-46712000.0,-30149000,-30149000,KATE,2010-12-31
441025,USD,2011,Q1,2011-04-28,2012-04-26,94399000.0,94399000.0,330682000.0,-154287000.0,176395000.0,-196973000.0,-196973000.0,,,-20578000.0,-32778000.0,-11638000.0,-53356000,,-53356000,299000.0,-53057000,-43288000.0,-96345000,-96345000,KATE,2011-03-31
441025,USD,2011,Q2,2011-07-28,2012-07-26,94447000.0,94447000.0,360283000.0,-174615000.0,185668000.0,-225863000.0,-225863000.0,,,-40195000.0,-18191000.0,-15436000.0,-58386000,6547000.0,-51839000,-1985000.0,-53824000,-36072000.0,-89896000,-89896000,KATE,2011-06-30
441025,USD,2011,Q3,2011-11-09,2012-10-25,94483000.0,95323000.0,380693000.0,-173856000.0,206837000.0,-212499000.0,-211685000.0,,,-5662000.0,984000.0,-15834000.0,-4678000,15600000.0,10922000,-3919000.0,7003000,-221637000.0,-214634000,-214634000,KATE,2011-09-30
441025,USD,2011,Q4,2012-02-29,2014-02-25,95327000.0,198599000.0,28850000.0,581000.0,29431000.0,-65768000.0,-65558000.0,,,-36337000.0,-6967000.0,-14272000.0,-43304000,269989000.0,226685000,11399000.0,238084000,-8896000.0,229188000,229188000,KATE,2011-12-31
441025,USD,2012,Q1,2012-04-26,2013-05-02,101104000.0,101104000.0,317147000.0,-138040000.0,179107000.0,-212049000.0,-212049000.0,,,-32942000.0,-14665000.0,-12340000.0,-47607000,-2858000.0,-50465000,-1265000.0,-51730000,-8910000.0,-60640000,-60640000,KATE,2012-03-31
441025,USD,2012,Q2,2012-07-26,2013-08-08,108863000.0,108863000.0,336858000.0,-146141000.0,190717000.0,-228260000.0,-228260000.0,,,-37543000.0,-7426000.0,-12268000.0,-44969000,-2788000.0,-47757000,-1794000.0,-49551000,-2547000.0,-52098000,-52098000,KATE,2012-06-30
441025,USD,2012,Q3,2012-10-25,2013-11-07,113109000.0,113109000.0,364556000.0,-161439000.0,203117000.0,-203398000.0,-203398000.0,,,-281000.0,-14266000.0,-13228000.0,-14547000,-3023000.0,-17570000,-1823000.0,-19393000,592000.0,-18801000,-18801000,KATE,2012-09-30
441025,USD,2012,Q4,2013-02-21,2015-03-03,114092000.0,114092000.0,-473796000.0,240787000.0,-233009000.0,267753000.0,267753000.0,,,34744000.0,-15580000.0,-13776000.0,19164000,38980000.0,58144000,9843000.0,67987000,-10953000.0,57034000,57034000,KATE,2012-12-31
441025,USD,2013,Q1,2013-05-02,2014-05-14,119032000.0,119032000.0,245687000.0,-104631000.0,141056000.0,-163091000.0,-163091000.0,,,-22035000.0,-14246000.0,-12341000.0,-36281000,-2382000.0,-38663000,-954000.0,-39617000,-12557000.0,-52174000,-52174000,KATE,2013-03-31
441025,USD,2013,Q2,2013-08-08,2014-08-12,120013000.0,120013000.0,178881000.0,-68403000.0,110478000.0,-114245000.0,-114245000.0,,,-3767000.0,-12376000.0,-11544000.0,-16143000,-6109000.0,-22252000,-1336000.0,-23588000,-19549000.0,-43137000,-43137000,KATE,2013-06-30
441025,USD,2013,Q3,2013-11-07,2014-11-06,122396000.0,122396000.0,192612000.0,-74390000.0,118222000.0,-119551000.0,-116251000.0,,,-1329000.0,-11224000.0,-12117000.0,-12553000,-599000.0,-13152000,-1013000.0,-14165000,-2701000.0,-16866000,-16866000,KATE,2013-09-30
441025,USD,2013,Q4,2014-02-25,2016-03-01,122787000.0,122787000.0,186191000.0,-59357000.0,126834000.0,-79488000.0,-79488000.0,,,47346000.0,-11281000.0,-11063000.0,36065000,1274000.0,37339000,7866000.0,45205000,139967000.0,185172000,185172000,KATE,2013-12-31
441025,USD,2014,Q1,2014-05-14,2015-05-07,127489000.0,127489000.0,223614000.0,-86791000.0,136823000.0,-163750000.0,-163750000.0,,,-26927000.0,-9675000.0,-9522000.0,-36602000,,-36602000,-1806000.0,-38408000,84578000.0,46170000,46170000,KATE,2014-03-31
441025,USD,2014,Q2,2014-08-12,2015-08-05,126664000.0,126664000.0,265998000.0,-110088000.0,155910000.0,-145982000.0,-145982000.0,,,9928000.0,-6233000.0,-6474000.0,3695000,-16914000.0,-13219000,-764000.0,-13983000,9579000.0,-4404000,-4404000,KATE,2014-06-30
441025,USD,2014,Q3,2014-11-06,2015-11-05,126971000.0,127610000.0,250417000.0,-93103000.0,157314000.0,-153767000.0,-153767000.0,,,3547000.0,-3994000.0,-2189000.0,-447000,,-447000,3070000.0,2623000,-11753000.0,-9130000,-9130000,KATE,2014-09-30
441025,USD,2014,Q4,2015-03-03,2017-02-23,123932000.0,126313000.0,398574000.0,-168350000.0,230224000.0,-183300000.0,-181767000.0,,,46924000.0,-4309000.0,-1993000.0,42615000,0.0,42615000,83879000.0,126494000,30000.0,126524000,126524000,KATE,2014-12-31
441025,USD,2015,Q1,2015-05-07,2016-05-04,127489000.0,127489000.0,255316000.0,-100589000.0,154727000.0,-191853000.0,-191853000.0,,,-37126000.0,-4759000.0,-3364000.0,-41885000,-9873000.0,-51758000,-1801000.0,-53559000,-1662000.0,-55221000,-55221000,KATE,2015-03-31
441025,USD,2015,Q2,2015-08-05,2016-08-03,127663000.0,128431000.0,281118000.0,-109640000.0,171478000.0,-153932000.0,-153932000.0,,,17546000.0,-7167000.0,-5344000.0,10379000,,10379000,-1130000.0,9249000,-708000.0,8541000,8541000,KATE,2015-06-30
441025,USD,2015,Q3,2015-11-05,2016-11-02,127682000.0,128118000.0,277328000.0,-107514000.0,169814000.0,-157497000.0,-157497000.0,,,12317000.0,-6834000.0,-5274000.0,5483000,,5483000,-973000.0,4510000,-2207000.0,2303000,2303000,KATE,2015-09-30
441025,USD,2015,Q4,2016-03-01,2017-02-23,127702000.0,128850000.0,428958000.0,-170870000.0,258088000.0,-184427000.0,-184427000.0,,,73661000.0,-11529000.0,-5170000.0,62132000,0.0,62132000,-624000.0,61508000,-44000.0,61464000,61464000,KATE,2015-12-31
441025,USD,2016,Q1,2016-05-04,2017-05-01,127931000.0,128636000.0,274422000.0,-104941000.0,169481000.0,-151768000.0,-151768000.0,,,17713000.0,-5243000.0,-4996000.0,12470000,,12470000,-1554000.0,10916000,720000.0,11636000,11636000,KATE,2016-03-31
441025,USD,2016,Q2,2016-08-03,2016-08-03,128000000.0,129140000.0,319691000.0,-128985000.0,190706000.0,-156651000.0,-156651000.0,,,34055000.0,-8030000.0,-4937000.0,26025000,,26025000,-1466000.0,24559000,2214000.0,26773000,26773000,KATE,2016-06-30
441025,USD,2016,Q3,2016-11-02,2016-11-02,128101000.0,129451000.0,316528000.0,-128600000.0,187928000.0,-150826000.0,-150826000.0,,,37102000.0,-7655000.0,-4920000.0,29447000,,29447000,56000.0,29503000,123000.0,29626000,29626000,KATE,2016-09-30
441025,USD,2016,Q4,2017-04-28,2017-04-28,128140000.0,129429000.0,470837000.0,-192032000.0,278805000.0,-184062000.0,-184062000.0,,,94743000.0,-7056000.0,-4861000.0,87687000,,87687000,-1107000.0,86580000,-1033000.0,85547000,85547000,KATE,2016-12-31
