SimFinId,Currency,Fiscal Year,Fiscal Period,Publish Date,Restated Date,Shares (Basic),Shares (Diluted),Revenue,Cost of Revenue,Gross Profit,Operating Expenses,"Selling, General & Administrative",Research & Development,Depreciation & Amortization,Operating Income (Loss),Non-Operating Income (Loss),"Interest Expense, Net","Pretax Income (Loss), Adj.",Abnormal Gains (Losses),Pretax Income (Loss),"Income Tax (Expense) Benefit, Net",Income (Loss) from Continuing Operations,Net Extraordinary Gains (Losses),Net Income,Net Income (Common),Ticker,Report_Date
176917,USD,2010,Q4,2010-08-09,2012-08-29,37231000.0,37316000.0,66714000.0,-14269000.0,52445000.0,-13520000.0,-7989000.0,-6251000.0,720000.0,38925000.0,-324000.0,1011000.0,38601000,0.0,38601000,-12706000.0,25895000,,25895000,25895000,TECH,2010-06-30
176917,USD,2011,Q1,2010-11-09,2011-11-09,37040000.0,37107000.0,67945000.0,-15350000.0,52595000.0,-14232000.0,-7613000.0,-6619000.0,,38363000.0,590000.0,847000.0,38953000,,38953000,-12580000.0,26373000,,26373000,26373000,TECH,2010-09-30
176917,USD,2011,Q2,2011-02-09,2012-02-07,37093000.0,37156000.0,67708000.0,-15327000.0,52381000.0,-15030000.0,-8427000.0,-6603000.0,,37351000.0,322000.0,1020000.0,37673000,,37673000,-11139000.0,26534000,,26534000,26534000,TECH,2010-12-31
176917,USD,2011,Q3,2011-05-10,2012-05-10,37119000.0,37194000.0,76271000.0,-15941000.0,60330000.0,-15592000.0,-9295000.0,-6297000.0,,44738000.0,646000.0,1067000.0,45384000,0.0,45384000,-14320000.0,31064000,,31064000,31064000,TECH,2011-03-31
176917,USD,2011,Q4,2011-08-29,2013-08-29,37140000.0,37231000.0,78038000.0,-18407000.0,59631000.0,-17028000.0,-10562000.0,-6466000.0,,42603000.0,368000.0,818000.0,42971000,0.0,42971000,-14640000.0,28331000,,28331000,28331000,TECH,2011-06-30
176917,USD,2012,Q1,2011-11-09,2012-11-09,37095000.0,37170000.0,77596000.0,-19209000.0,58387000.0,-17440000.0,-10773000.0,-6667000.0,,40947000.0,-447000.0,728000.0,40500000,,40500000,-12979000.0,27521000,,27521000,27521000,TECH,2011-09-30
176917,USD,2012,Q2,2012-02-07,2013-02-11,36966000.0,37028000.0,74662000.0,-19492000.0,55170000.0,-17488000.0,-10651000.0,-6837000.0,,37682000.0,191000.0,798000.0,37873000,,37873000,-12060000.0,25813000,,25813000,25813000,TECH,2011-12-31
176917,USD,2012,Q3,2012-05-10,2013-05-10,36864000.0,36930000.0,83621000.0,-20238000.0,63383000.0,-17021000.0,-9899000.0,-7122000.0,,46362000.0,97000.0,470000.0,46459000,-3254000.0,43205000,-11449000.0,31756000,,31756000,31756000,TECH,2012-03-31
176917,USD,2012,Q4,2012-08-29,2014-08-29,36831000.0,36896000.0,78681000.0,-19817000.0,58864000.0,-17646000.0,-10360000.0,-7286000.0,,41218000.0,-601000.0,643000.0,40617000,0.0,40617000,-13376000.0,27241000,,27241000,27241000,TECH,2012-06-30
176917,USD,2013,Q1,2012-11-09,2013-11-12,36828000.0,36895000.0,75025000.0,-19442000.0,55583000.0,-17780000.0,-10328000.0,-7452000.0,,37803000.0,183000.0,661000.0,37986000,,37986000,-12318000.0,25668000,,25668000,25668000,TECH,2012-09-30
176917,USD,2013,Q2,2013-02-11,2014-02-04,36834000.0,36900000.0,75083000.0,-19820000.0,55263000.0,-18359000.0,-10956000.0,-7403000.0,,36904000.0,542000.0,677000.0,37446000,,37446000,-12082000.0,25364000,,25364000,25364000,TECH,2012-12-31
176917,USD,2013,Q3,2013-05-10,2014-05-12,36842000.0,36908000.0,80992000.0,-19845000.0,61147000.0,-17201000.0,-9982000.0,-7219000.0,,43946000.0,520000.0,638000.0,44466000,,44466000,-11348000.0,33118000,,33118000,33118000,TECH,2013-03-31
176917,USD,2013,Q4,2013-08-29,2015-08-31,36840000.0,36897000.0,79475000.0,-20358000.0,59117000.0,-19301000.0,-12118000.0,-7183000.0,,39816000.0,948000.0,670000.0,40764000,,40764000,-12353000.0,28411000,,28411000,28411000,TECH,2013-06-30
176917,USD,2014,Q1,2013-11-12,2014-11-10,36842000.0,36928000.0,85668000.0,-24554000.0,61114000.0,-21723000.0,-14021000.0,-7702000.0,,39391000.0,263000.0,,39654000,,39654000,-12226000.0,27428000,,27428000,27428000,TECH,2013-09-30
176917,USD,2014,Q2,2014-02-04,2015-02-09,36882000.0,37015000.0,84017000.0,-25424000.0,58593000.0,-22849000.0,-14926000.0,-7923000.0,,35744000.0,474000.0,,36218000,,36218000,-11163000.0,25055000,,25055000,25055000,TECH,2013-12-31
176917,USD,2014,Q3,2014-05-12,2015-05-11,36911000.0,37053000.0,95555000.0,-27444000.0,68111000.0,-22342000.0,-14666000.0,-7676000.0,,45769000.0,300000.0,,46069000,,46069000,-14428000.0,31641000,,31641000,31641000,TECH,2014-03-31
176917,USD,2014,Q4,2014-08-29,2016-08-29,36925000.0,37024000.0,92523000.0,-28930000.0,63593000.0,-24747000.0,-17103000.0,-7644000.0,,38846000.0,605000.0,,39451000,,39451000,-12627000.0,26824000,,26824000,26824000,TECH,2014-06-30
176917,USD,2015,Q1,2014-11-10,2015-11-09,37007000.0,37148000.0,108477000.0,-35411000.0,73066000.0,-37850000.0,-28701000.0,-9149000.0,,35216000.0,-618000.0,,34598000,,34598000,-10691000.0,23907000,,23907000,23907000,TECH,2014-09-30
176917,USD,2015,Q2,2015-02-09,2016-02-09,37085000.0,37211000.0,111948000.0,-36205000.0,75743000.0,-41163000.0,-31137000.0,-10026000.0,,34580000.0,7983000.0,,42563000,,42563000,-9354000.0,33209000,,33209000,33209000,TECH,2014-12-31
176917,USD,2015,Q3,2015-05-11,2016-05-10,37138000.0,37269000.0,114158000.0,-34778000.0,79380000.0,-39954000.0,-29089000.0,-10865000.0,,39426000.0,-667000.0,,38759000,,38759000,-14469000.0,24290000,,24290000,24290000,TECH,2015-03-31
176917,USD,2015,Q4,2015-08-31,2016-08-29,37154000.0,37296000.0,117663000.0,-38575000.0,79088000.0,-41287000.0,-30474000.0,-10813000.0,,37801000.0,441000.0,,38242000,,38242000,-11913000.0,26329000,,26329000,26329000,TECH,2015-06-30
176917,USD,2016,Q1,2015-11-09,2016-11-09,37169000.0,37315000.0,112381000.0,-36990000.0,75391000.0,-44362000.0,-33040000.0,-11322000.0,,31029000.0,818000.0,,31847000,,31847000,-9139000.0,22708000,,22708000,22708000,TECH,2015-09-30
176917,USD,2016,Q2,2016-02-09,2017-02-09,37189000.0,37301000.0,120907000.0,-39320000.0,81587000.0,-45562000.0,-34585000.0,-10977000.0,,36025000.0,-651000.0,,35374000,,35374000,-9523000.0,25851000,,25851000,25851000,TECH,2015-12-31
176917,USD,2016,Q3,2016-05-10,2017-05-10,37196000.0,37299000.0,130973000.0,-40984000.0,89989000.0,-46462000.0,-35217000.0,-11245000.0,,43527000.0,-1037000.0,,42490000,,42490000,-12199000.0,30291000,,30291000,30291000,TECH,2016-03-31
176917,USD,2016,Q4,2016-08-29,2016-08-29,37222000.0,37389000.0,134762000.0,-45070000.0,89692000.0,-49680000.0,-38037000.0,-11643000.0,,40012000.0,-2242000.0,,37770000,,37770000,-12144000.0,25626000,,25626000,25626000,TECH,2016-06-30
176917,USD,2017,Q1,2016-12-19,2017-11-09,37281000.0,37473000.0,130581000.0,-43236000.0,87345000.0,-58189000.0,-45424000.0,-12765000.0,,29156000.0,-1371000.0,,27785000,,27785000,-8942000.0,18843000,,18843000,18843000,TECH,2016-09-30
176917,USD,2017,Q2,2017-03-21,2017-03-21,37308000.0,37478000.0,131807000.0,-46725000.0,85082000.0,-68936000.0,-55655000.0,-13281000.0,,16146000.0,-2607000.0,,13539000,,13539000,-7226000.0,6313000,,6313000,6313000,TECH,2016-12-31
176917,USD,2017,Q3,2017-05-10,2017-05-10,37320000.0,37494000.0,144037000.0,-49854000.0,94183000.0,-61878000.0,-48107000.0,-13771000.0,,32305000.0,-2275000.0,,30030000,,30030000,-8641000.0,21389000,,21389000,21389000,TECH,2017-03-31
176917,USD,2017,Q4,2017-09-07,2017-09-07,37343000.0,37555000.0,156578000.0,-48647000.0,107931000.0,-64954000.0,-51257000.0,-13697000.0,,42977000.0,-2370000.0,,40607000,,40607000,-11066000.0,29541000,,29541000,29541000,TECH,2017-06-30
176917,USD,2018,Q1,2017-11-09,2017-11-09,37376000.0,37705000.0,144613000.0,-46745000.0,97868000.0,-71837000.0,-58289000.0,-13548000.0,,26031000.0,-3064000.0,,22967000,,22967000,-7104000.0,15863000,,15863000,15863000,TECH,2017-09-30
176917,USD,2018,Q2,2018-02-08,2018-02-08,37449000.0,37926000.0,154153000.0,-52319000.0,101834000.0,-77686000.0,-63775000.0,-13911000.0,,24148000.0,-2417000.0,,21731000,,21731000,27116000.0,48847000,,48847000,48847000,TECH,2017-12-31
176917,USD,2018,Q3,2018-05-09,2018-05-09,37503000.0,38142000.0,163973000.0,-53712000.0,110261000.0,-67177000.0,-53285000.0,-13892000.0,,43084000.0,-18102000.0,,24982000,,24982000,-5244000.0,19738000,,19738000,19738000,TECH,2018-03-31
176917,USD,2018,Q4,2018-08-27,2018-08-27,37576000.0,38447000.0,180254000.0,-58074000.0,122180000.0,-79265000.0,-65287000.0,-13978000.0,,42915000.0,13357000.0,,56272000,,56272000,-14570000.0,41702000,,41702000,41702000,TECH,2018-06-30
176917,USD,2019,Q1,2018-11-07,2018-11-07,37697000.0,38813000.0,162970000.0,-55367000.0,107603000.0,-81840000.0,-67051000.0,-14789000.0,,25763000.0,-8177000.0,,17586000,,17586000,-183000.0,17403000,,17403000,17403000,TECH,2018-09-30
176917,USD,2019,Q2,2019-02-07,2019-02-07,37766000.0,38748000.0,174510000.0,-61492000.0,113018000.0,-79415000.0,-63603000.0,-15812000.0,,33603000.0,-11836000.0,,21767000,,21767000,-4211000.0,17556000,,17556000,17556000,TECH,2018-12-31
176917,USD,2019,Q3,2019-05-07,2019-05-07,37772000.0,38861000.0,184861000.0,-60251000.0,124610000.0,-80520000.0,-64968000.0,-15552000.0,,44090000.0,5787000.0,,49877000,,49877000,-5223000.0,44654000,,44654000,44654000,TECH,2019-03-31
176917,USD,2019,Q4,2019-08-06,2019-08-06,37889000.0,39146000.0,191665000.0,-63405000.0,128260000.0,-84997000.0,-68737000.0,-16260000.0,,43263000.0,-20478000.0,,22785000,,22785000,-6325000.0,16460000,,16460000,16460000,TECH,2019-06-30
176917,USD,2020,Q1,2019-11-06,2019-11-06,38032000.0,39253000.0,183243000.0,-64829000.0,118414000.0,-85087000.0,-69010000.0,-16077000.0,,33327000.0,-15521000.0,,17806000,,17806000,-3408000.0,14398000,,14398000,14398000,TECH,2019-09-30
176917,USD,2020,Q2,2020-02-06,2021-02-08,38167000.0,39550000.0,184934000.0,-63531000.0,121403000.0,-84411000.0,-68030000.0,-16381000.0,,36992000.0,113334000.0,,150326000,,150326000,-30704000.0,119622000,,119622000,119622000,TECH,2019-12-31
176917,USD,2020,Q3,2020-05-11,2021-05-07,38303000.0,39435000.0,194680000.0,-64617000.0,130063000.0,-82272000.0,-66318000.0,-15954000.0,,47791000.0,-970000.0,,46821000,,46821000,-10389000.0,36432000,,36432000,36432000,TECH,2020-03-31
