SimFinId,Currency,Fiscal Year,Fiscal Period,Publish Date,Restated Date,Shares (Basic),Shares (Diluted),Revenue,Cost of Revenue,Gross Profit,Operating Expenses,"Selling, General & Administrative",Research & Development,Depreciation & Amortization,Operating Income (Loss),Non-Operating Income (Loss),"Interest Expense, Net","Pretax Income (Loss), Adj.",Abnormal Gains (Losses),Pretax Income (Loss),"Income Tax (Expense) Benefit, Net",Income (Loss) from Continuing Operations,Net Extraordinary Gains (Losses),Net Income,Net Income (Common),Ticker,Report_Date
117316,USD,2009,Q2,2009-08-03,2010-08-23,506000000.0,507000000.0,2560000000.0,-1067000000.0,1493000000.0,-856000000.0,-627000000.0,,-203000000.0,637000000.0,-85000000.0,-133000000.0,552000000,-1000000.0,551000000,-240000000.0,311000000,,311000000,311000000,PEG,2009-06-30
117316,USD,2009,Q3,2009-10-30,2010-10-29,506000000.0,507000000.0,3040000000.0,-1241000000.0,1799000000.0,-875000000.0,-621000000.0,,-224000000.0,924000000.0,-99000000.0,-129000000.0,825000000,0.0,825000000,-337000000.0,488000000,,488000000,488000000,PEG,2009-09-30
117316,USD,2009,Q4,2010-02-25,2012-02-27,505944000.0,507256000.0,2515000000.0,-1057000000.0,1458000000.0,-830000000.0,-612000000.0,,-185000000.0,628000000.0,-117000000.0,-114000000.0,511000000,1000000.0,512000000,-161000000.0,351000000,-2000000.0,349000000,349000000,PEG,2009-12-31
117316,USD,2010,Q1,2010-05-06,2011-05-05,506000000.0,507000000.0,3573000000.0,-1688000000.0,1885000000.0,-939000000.0,-670000000.0,,-227000000.0,946000000.0,-86000000.0,-116000000.0,860000000,-1000000.0,859000000,-361000000.0,498000000,-7000000.0,491000000,491000000,PEG,2010-03-31
117316,USD,2010,Q2,2010-08-23,2011-08-03,506000000.0,507000000.0,2361000000.0,-1072000000.0,1289000000.0,-858000000.0,-601000000.0,,-229000000.0,431000000.0,-80000000.0,-120000000.0,351000000,-5000000.0,346000000,-124000000.0,222000000,2000000.0,224000000,224000000,PEG,2010-06-30
117316,USD,2010,Q3,2010-10-29,2011-11-01,506000000.0,507000000.0,3114000000.0,-1261000000.0,1853000000.0,-882000000.0,-591000000.0,,-260000000.0,971000000.0,-50000000.0,-120000000.0,921000000,-3000000.0,918000000,-371000000.0,547000000,20000000.0,567000000,567000000,PEG,2010-09-30
117316,USD,2010,Q4,2011-02-25,2013-02-26,505940000.0,507180000.0,2745000000.0,-1240000000.0,1505000000.0,-916000000.0,-642000000.0,,-239000000.0,589000000.0,-94000000.0,-116000000.0,495000000,-2000000.0,493000000,-203000000.0,290000000,-8000000.0,282000000,282000000,PEG,2010-12-31
117316,USD,2011,Q1,2011-05-05,2012-05-02,506000000.0,507000000.0,3354000000.0,-1563000000.0,1791000000.0,-935000000.0,-651000000.0,,-241000000.0,856000000.0,-61000000.0,-127000000.0,795000000,-4000000.0,791000000,-329000000.0,462000000,64000000.0,526000000,526000000,PEG,2011-03-31
117316,USD,2011,Q2,2011-08-03,2012-08-02,506000000.0,507000000.0,2469000000.0,-1010000000.0,1459000000.0,-838000000.0,-575000000.0,,-235000000.0,621000000.0,-73000000.0,-117000000.0,548000000,-1000000.0,547000000,-227000000.0,320000000,3000000.0,323000000,323000000,PEG,2011-06-30
117316,USD,2011,Q3,2011-11-01,2012-11-02,506000000.0,507000000.0,2620000000.0,-1167000000.0,1453000000.0,-897000000.0,-603000000.0,,-263000000.0,556000000.0,-82000000.0,-117000000.0,474000000,-8000000.0,466000000,-201000000.0,265000000,29000000.0,294000000,294000000,PEG,2011-09-30
117316,USD,2011,Q4,2012-02-27,2014-02-26,505796000.0,506928000.0,2636000000.0,-1007000000.0,1629000000.0,-920000000.0,-652000000.0,,-237000000.0,709000000.0,-120000000.0,-114000000.0,589000000,-9000000.0,580000000,-220000000.0,360000000,0.0,360000000,360000000,PEG,2011-12-31
117316,USD,2012,Q1,2012-05-02,2013-05-01,506000000.0,507000000.0,2875000000.0,-1179000000.0,1696000000.0,-913000000.0,-628000000.0,,-256000000.0,783000000.0,-73000000.0,-101000000.0,710000000,-5000000.0,705000000,-212000000.0,493000000,,493000000,493000000,PEG,2012-03-31
117316,USD,2012,Q2,2012-08-02,2013-07-30,506000000.0,507000000.0,2098000000.0,-761000000.0,1337000000.0,-904000000.0,-629000000.0,,-255000000.0,433000000.0,-69000000.0,-103000000.0,364000000,-7000000.0,357000000,-146000000.0,211000000,,211000000,211000000,PEG,2012-06-30
117316,USD,2012,Q3,2012-11-02,2013-10-31,506000000.0,507000000.0,2402000000.0,-879000000.0,1523000000.0,-929000000.0,-619000000.0,,-286000000.0,594000000.0,-4000000.0,-106000000.0,590000000,-2000000.0,588000000,-241000000.0,347000000,,347000000,347000000,PEG,2012-09-30
117316,USD,2012,Q4,2013-02-26,2015-02-26,506000000.0,507000000.0,2406000000.0,-900000000.0,1506000000.0,-1038000000.0,-756000000.0,,-257000000.0,468000000.0,-103000000.0,-113000000.0,365000000,-4000000.0,361000000,-137000000.0,224000000,,224000000,224000000,PEG,2012-12-31
117316,USD,2013,Q1,2013-05-01,2014-05-02,507000000.0,507000000.0,2786000000.0,-1155000000.0,1631000000.0,-1021000000.0,-710000000.0,,-290000000.0,610000000.0,-68000000.0,-102000000.0,542000000,-2000000.0,540000000,-220000000.0,320000000,,320000000,320000000,PEG,2013-03-31
117316,USD,2013,Q2,2013-07-30,2014-08-01,506000000.0,508000000.0,2310000000.0,-755000000.0,1555000000.0,-943000000.0,-646000000.0,,-283000000.0,612000000.0,-59000000.0,-101000000.0,553000000,-2000000.0,551000000,-218000000.0,333000000,,333000000,333000000,PEG,2013-06-30
117316,USD,2013,Q3,2013-10-31,2014-10-30,506000000.0,508000000.0,2554000000.0,-801000000.0,1753000000.0,-1041000000.0,-713000000.0,,-313000000.0,712000000.0,-49000000.0,-100000000.0,663000000,-3000000.0,660000000,-270000000.0,390000000,,390000000,390000000,PEG,2013-09-30
117316,USD,2013,Q4,2014-02-26,2016-02-26,505000000.0,509000000.0,2318000000.0,-825000000.0,1493000000.0,-1128000000.0,-818000000.0,,-292000000.0,365000000.0,-56000000.0,-99000000.0,309000000,-5000000.0,304000000,-104000000.0,200000000,,200000000,200000000,PEG,2013-12-31
117316,USD,2014,Q1,2014-05-02,2015-05-04,506000000.0,508000000.0,3223000000.0,-1356000000.0,1867000000.0,-1162000000.0,-856000000.0,,-306000000.0,705000000.0,-57000000.0,-97000000.0,648000000,-2000000.0,646000000,-260000000.0,386000000,,386000000,386000000,PEG,2014-03-31
117316,USD,2014,Q2,2014-08-01,2015-07-31,506000000.0,508000000.0,2249000000.0,-789000000.0,1460000000.0,-1095000000.0,-800000000.0,,-295000000.0,365000000.0,-39000000.0,-94000000.0,326000000,-2000000.0,324000000,-112000000.0,212000000,,212000000,212000000,PEG,2014-06-30
117316,USD,2014,Q3,2014-10-30,2015-10-30,506000000.0,507000000.0,2641000000.0,-863000000.0,1778000000.0,-1032000000.0,-714000000.0,,-318000000.0,746000000.0,-31000000.0,-100000000.0,715000000,-10000000.0,705000000,-261000000.0,444000000,,444000000,444000000,PEG,2014-09-30
117316,USD,2014,Q4,2015-02-26,2017-02-27,506000000.0,509000000.0,2773000000.0,-878000000.0,1895000000.0,-1088000000.0,-780000000.0,,-308000000.0,807000000.0,-20000000.0,-98000000.0,787000000,-6000000.0,781000000,-305000000.0,476000000,,476000000,476000000,PEG,2014-12-31
117316,USD,2015,Q1,2015-05-04,2016-05-02,506000000.0,508000000.0,3135000000.0,-1094000000.0,2041000000.0,-993000000.0,-663000000.0,,-330000000.0,1048000000.0,-59000000.0,-98000000.0,989000000,-5000000.0,984000000,-398000000.0,586000000,,586000000,586000000,PEG,2015-03-31
117316,USD,2015,Q2,2015-07-31,2016-07-29,506000000.0,508000000.0,2314000000.0,-668000000.0,1646000000.0,-1078000000.0,-761000000.0,,-317000000.0,568000000.0,-27000000.0,-97000000.0,541000000,-10000000.0,531000000,-186000000.0,345000000,,345000000,345000000,PEG,2015-06-30
117316,USD,2015,Q3,2015-10-30,2016-10-31,505000000.0,508000000.0,2688000000.0,-815000000.0,1873000000.0,-1059000000.0,-746000000.0,,-313000000.0,814000000.0,-60000000.0,-96000000.0,754000000,-30000000.0,724000000,-285000000.0,439000000,,439000000,439000000,PEG,2015-09-30
117316,USD,2015,Q4,2016-02-26,2017-02-27,503000000.0,508000000.0,2278000000.0,-684000000.0,1594000000.0,-1062000000.0,-808000000.0,,-254000000.0,532000000.0,-83000000.0,-102000000.0,449000000,-8000000.0,441000000,-132000000.0,309000000,,309000000,309000000,PEG,2015-12-31
117316,USD,2016,Q1,2016-05-02,2017-04-28,505000000.0,508000000.0,2616000000.0,-836000000.0,1780000000.0,-953000000.0,-729000000.0,,-224000000.0,827000000.0,-63000000.0,-92000000.0,764000000,-10000000.0,754000000,-283000000.0,471000000,,471000000,471000000,PEG,2016-03-31
117316,USD,2016,Q2,2016-07-29,2017-07-28,505000000.0,508000000.0,1905000000.0,-624000000.0,1281000000.0,-934000000.0,-710000000.0,,-224000000.0,347000000.0,-59000000.0,-97000000.0,288000000,-10000000.0,278000000,-91000000.0,187000000,,187000000,187000000,PEG,2016-06-30
117316,USD,2016,Q3,2016-10-31,2017-10-31,505000000.0,508000000.0,2450000000.0,-866000000.0,1584000000.0,-1007000000.0,-776000000.0,,-231000000.0,577000000.0,-57000000.0,-99000000.0,520000000,-5000000.0,515000000,-188000000.0,327000000,,327000000,327000000,PEG,2016-09-30
117316,USD,2016,Q4,2017-02-27,2017-02-27,505000000.0,508000000.0,2090000000.0,-675000000.0,1415000000.0,-1590000000.0,-793000000.0,,-797000000.0,-175000000.0,-71000000.0,-97000000.0,-246000000,-3000000.0,-249000000,151000000.0,-98000000,,-98000000,-98000000,PEG,2016-12-31
117316,USD,2017,Q1,2017-04-28,2017-04-28,505000000.0,508000000.0,2592000000.0,-874000000.0,1718000000.0,-1540000000.0,-712000000.0,,-828000000.0,178000000.0,-34000000.0,-98000000.0,144000000,-1000000.0,143000000,-29000000.0,114000000,,114000000,114000000,PEG,2017-03-31
117316,USD,2017,Q2,2017-07-28,2017-07-28,505000000.0,507000000.0,2133000000.0,-588000000.0,1545000000.0,-1349000000.0,-708000000.0,,-641000000.0,196000000.0,-25000000.0,-91000000.0,171000000,-3000000.0,168000000,-59000000.0,109000000,,109000000,109000000,PEG,2017-06-30
117316,USD,2017,Q3,2017-10-31,2017-10-31,505000000.0,507000000.0,2263000000.0,-638000000.0,1625000000.0,-932000000.0,-680000000.0,,-252000000.0,693000000.0,-41000000.0,-100000000.0,652000000,-5000000.0,647000000,-252000000.0,395000000,,395000000,395000000,PEG,2017-09-30
117316,USD,2017,Q4,2018-02-26,2018-02-26,505000000.0,506000000.0,2096000000.0,-700000000.0,1396000000.0,-1034000000.0,-769000000.0,,-265000000.0,362000000.0,-49000000.0,-102000000.0,313000000,-3000000.0,310000000,646000000.0,956000000,,956000000,956000000,PEG,2017-12-31
117316,USD,2018,Q1,2018-04-30,2018-04-30,504000000.0,507000000.0,2818000000.0,-952000000.0,1866000000.0,-1034000000.0,-754000000.0,,-280000000.0,832000000.0,-69000000.0,-103000000.0,763000000,-3000000.0,760000000,-202000000.0,558000000,,558000000,558000000,PEG,2018-03-31
117316,USD,2018,Q2,2018-08-01,2018-08-01,504000000.0,507000000.0,2016000000.0,-600000000.0,1416000000.0,-1005000000.0,-725000000.0,,-280000000.0,411000000.0,-72000000.0,-111000000.0,339000000,27000000.0,366000000,-97000000.0,269000000,,269000000,269000000,PEG,2018-06-30
117316,USD,2018,Q3,2018-10-30,2018-10-30,504000000.0,507000000.0,2394000000.0,-804000000.0,1590000000.0,-1036000000.0,-742000000.0,,-294000000.0,554000000.0,-89000000.0,-127000000.0,465000000,64000000.0,529000000,-117000000.0,412000000,,412000000,412000000,PEG,2018-09-30
117316,USD,2018,Q4,2019-02-28,2019-02-28,504000000.0,507000000.0,2468000000.0,-869000000.0,1599000000.0,-1152000000.0,-848000000.0,,-304000000.0,447000000.0,-70000000.0,-135000000.0,377000000,-177000000.0,200000000,-1000000.0,199000000,,199000000,199000000,PEG,2018-12-31
117316,USD,2019,Q1,2019-05-02,2019-05-02,504000000.0,507000000.0,2980000000.0,-1124000000.0,1856000000.0,-1070000000.0,-756000000.0,,-314000000.0,786000000.0,-98000000.0,-133000000.0,688000000,161000000.0,849000000,-149000000.0,700000000,,700000000,700000000,PEG,2019-03-31
117316,USD,2019,Q2,2019-07-31,2019-07-31,504000000.0,507000000.0,2316000000.0,-704000000.0,1612000000.0,-1057000000.0,-750000000.0,,-307000000.0,555000000.0,-99000000.0,-137000000.0,456000000,-323000000.0,133000000,20000000.0,153000000,,153000000,153000000,PEG,2019-06-30
117316,USD,2019,Q3,2019-10-31,2019-10-31,504000000.0,507000000.0,2302000000.0,-753000000.0,1549000000.0,-1052000000.0,-745000000.0,,-307000000.0,497000000.0,-109000000.0,-147000000.0,388000000,45000000.0,433000000,-30000000.0,403000000,,403000000,403000000,PEG,2019-09-30
117316,USD,2019,Q4,2020-02-26,2020-02-26,504000000.0,507000000.0,2478000000.0,-791000000.0,1687000000.0,-1180000000.0,-860000000.0,,-320000000.0,507000000.0,53000000.0,-152000000.0,560000000,-25000000.0,535000000,-98000000.0,437000000,,437000000,437000000,PEG,2019-12-31
117316,USD,2020,Q1,2020-05-05,2021-05-05,504000000.0,507000000.0,2781000000.0,-906000000.0,1875000000.0,-1078000000.0,-754000000.0,,-324000000.0,797000000.0,-146000000.0,-153000000.0,651000000,-159000000.0,492000000,-44000000.0,448000000,,448000000,448000000,PEG,2020-03-31
