SimFinId,Currency,Fiscal Year,Fiscal Period,Publish Date,Restated Date,Shares (Basic),Shares (Diluted),Revenue,Cost of Revenue,Gross Profit,Operating Expenses,"Selling, General & Administrative",Research & Development,Depreciation & Amortization,Operating Income (Loss),Non-Operating Income (Loss),"Interest Expense, Net","Pretax Income (Loss), Adj.",Abnormal Gains (Losses),Pretax Income (Loss),"Income Tax (Expense) Benefit, Net",Income (Loss) from Continuing Operations,Net Extraordinary Gains (Losses),Net Income,Net Income (Common),Ticker,Report_Date
361284,USD,2009,Q3,2009-08-11,2010-08-10,124237000.0,124991000.0,509871000.0,-293631000.0,216240000.0,-113752000.0,-78427000.0,-35325000.0,,102488000.0,-233000.0,-233000.0,102255000,,102255000,-16904000.0,85351000,,85351000,85351000,VAR,2009-06-30
361284,USD,2009,Q4,2009-11-25,2011-11-23,124299000.0,125325000.0,641929000.0,-357012000.0,284917000.0,-134234000.0,-96141000.0,-38093000.0,,150683000.0,-262000.0,-262000.0,150421000,,150421000,-53233000.0,97188000,-127000.0,97061000,97061000,VAR,2009-09-30
361284,USD,2010,Q1,2010-02-09,2011-02-09,123690000.0,125061000.0,540906000.0,-299889000.0,241017000.0,-121930000.0,-83542000.0,-38388000.0,,119087000.0,-296000.0,-296000.0,118791000,,118791000,-40016000.0,78775000,0.0,78775000,78775000,VAR,2009-12-31
361284,USD,2010,Q2,2010-05-11,2011-05-11,122938000.0,124337000.0,585571000.0,-331593000.0,253978000.0,-118422000.0,-79502000.0,-38920000.0,,135556000.0,-379000.0,-379000.0,135177000,,135177000,-44063000.0,91114000,,91114000,91114000,VAR,2010-03-31
361284,USD,2010,Q3,2010-08-10,2011-08-10,122072000.0,124511000.0,578051000.0,-323670000.0,254381000.0,-123616000.0,-84742000.0,-38874000.0,,130765000.0,-818000.0,-818000.0,129947000,,129947000,-38003000.0,91944000,-6450000.0,85494000,85494000,VAR,2010-06-30
361284,USD,2010,Q4,2011-05-05,2012-11-21,118564000.0,122191000.0,652057000.0,-375791000.0,276266000.0,-127472000.0,-86906000.0,-40566000.0,,148794000.0,216000.0,216000.0,149010000,,149010000,-43362000.0,105648000,-609000.0,105039000,105039000,VAR,2010-09-30
361284,USD,2011,Q1,2011-02-09,2012-02-07,118170000.0,121212000.0,579852000.0,-313013000.0,266839000.0,-129812000.0,-91310000.0,-38502000.0,,137027000.0,74000.0,74000.0,137101000,,137101000,-40612000.0,96489000,,96489000,96489000,VAR,2010-12-31
361284,USD,2011,Q2,2011-05-11,2012-05-08,117959000.0,120386000.0,648455000.0,-359461000.0,288994000.0,-137797000.0,-93924000.0,-43873000.0,,151197000.0,0.0,0.0,151197000,,151197000,-48118000.0,103079000,,103079000,103079000,VAR,2011-03-31
361284,USD,2011,Q3,2011-08-10,2012-08-07,116874000.0,119064000.0,649438000.0,-369683000.0,279755000.0,-139264000.0,-94838000.0,-44426000.0,,140491000.0,80000.0,80000.0,140571000,,140571000,-41966000.0,98605000,,98605000,98605000,VAR,2011-06-30
361284,USD,2011,Q4,2011-11-23,2013-11-26,113809000.0,114278000.0,718921000.0,-418620000.0,300301000.0,-140565000.0,-96641000.0,-43924000.0,,159736000.0,105000.0,105000.0,159841000,,159841000,-49388000.0,110453000,-9693000.0,100760000,100760000,VAR,2011-09-30
361284,USD,2012,Q1,2012-02-07,2013-02-05,112267000.0,114370000.0,625338000.0,-356579000.0,268759000.0,-139840000.0,-96075000.0,-43765000.0,,128919000.0,321000.0,321000.0,129240000,,129240000,-39006000.0,90234000,,90234000,90234000,VAR,2011-12-31
361284,USD,2012,Q2,2012-05-08,2013-05-08,112354000.0,114513000.0,720274000.0,-423578000.0,296696000.0,-152897000.0,-105830000.0,-47067000.0,,143799000.0,402000.0,402000.0,144201000,,144201000,-36429000.0,107772000,,107772000,107772000,VAR,2012-03-31
361284,USD,2012,Q3,2012-09-17,2013-08-06,111070000.0,112823000.0,705246000.0,-397635000.0,307611000.0,-154024000.0,-105081000.0,-48943000.0,,153587000.0,379000.0,379000.0,153966000,,153966000,-45123000.0,108843000,,108843000,108843000,VAR,2012-06-30
361284,USD,2012,Q4,2012-11-21,2014-11-25,109813000.0,112186000.0,756157000.0,-432887000.0,323270000.0,-155501000.0,-109534000.0,-45967000.0,,167769000.0,748000.0,748000.0,168517000,,168517000,-48317000.0,120200000,,120200000,120200000,VAR,2012-09-30
361284,USD,2013,Q1,2013-02-05,2014-01-30,109298000.0,111144000.0,678398000.0,-387310000.0,291088000.0,-153598000.0,-106481000.0,-47117000.0,,137490000.0,673000.0,673000.0,138163000,,138163000,-42880000.0,95283000,,95283000,95283000,VAR,2012-12-31
361284,USD,2013,Q2,2013-05-08,2014-05-05,108841000.0,110650000.0,768358000.0,-448720000.0,319638000.0,-163934000.0,-113031000.0,-50903000.0,,155704000.0,679000.0,679000.0,156383000,,156383000,-43595000.0,112788000,,112788000,112788000,VAR,2013-03-31
361284,USD,2013,Q3,2013-08-06,2014-08-05,108158000.0,109760000.0,726211000.0,-415746000.0,310465000.0,-155733000.0,-102398000.0,-53335000.0,,154732000.0,1041000.0,1041000.0,155773000,,155773000,-42942000.0,112831000,,112831000,112831000,VAR,2013-06-30
361284,USD,2013,Q4,2013-11-26,2015-11-25,107111000.0,108658000.0,769930000.0,-441434000.0,328496000.0,-167532000.0,-110679000.0,-56853000.0,,160964000.0,800000.0,800000.0,161764000,,161764000,-44418000.0,117346000,,117346000,117346000,VAR,2013-09-30
361284,USD,2014,Q1,2014-01-30,2015-02-10,105986000.0,107449000.0,711502000.0,-401923000.0,309579000.0,-167585000.0,-109582000.0,-58003000.0,,141994000.0,372000.0,372000.0,142366000,,142366000,-44406000.0,97960000,,97960000,97960000,VAR,2013-12-31
361284,USD,2014,Q2,2014-05-05,2015-05-12,104152000.0,105446000.0,778506000.0,-450196000.0,328310000.0,-175636000.0,-114959000.0,-60677000.0,,152674000.0,603000.0,603000.0,153277000,-25130000.0,128147000,-35359000.0,92788000,,92788000,92788000,VAR,2014-03-31
361284,USD,2014,Q3,2014-08-05,2015-08-11,103644000.0,104869000.0,747685000.0,-423958000.0,323727000.0,-181223000.0,-124235000.0,-56988000.0,,142504000.0,1258000.0,1258000.0,143762000,0.0,143762000,-36672000.0,107090000,,107090000,107090000,VAR,2014-06-30
361284,USD,2014,Q4,2014-11-25,2016-11-23,102218000.0,103436000.0,812107000.0,-472023000.0,340084000.0,-180956000.0,-121824000.0,-59132000.0,,159128000.0,1067000.0,1067000.0,160195000,30000.0,160225000,-54363000.0,105862000,,105862000,105862000,VAR,2014-09-30
361284,USD,2015,Q1,2015-02-10,2016-02-09,100468000.0,101642000.0,737854000.0,-410846000.0,327008000.0,-197558000.0,-140482000.0,-57076000.0,,129450000.0,995000.0,995000.0,130445000,,130445000,-37131000.0,93314000,,93314000,93314000,VAR,2014-12-31
361284,USD,2015,Q2,2015-05-12,2016-05-10,100157000.0,101026000.0,759406000.0,-436868000.0,322538000.0,-176502000.0,-117190000.0,-59312000.0,,146036000.0,1043000.0,1043000.0,147079000,,147079000,-41110000.0,105969000,,105969000,105969000,VAR,2015-03-31
361284,USD,2015,Q3,2015-08-11,2016-08-09,99721000.0,100454000.0,784011000.0,-469035000.0,314976000.0,-170732000.0,-110722000.0,-60010000.0,,144244000.0,1608000.0,1608000.0,145852000,,145852000,-32210000.0,113642000,,113506000,113506000,VAR,2015-06-30
361284,USD,2015,Q4,2016-08-18,2017-11-27,98454000.0,99278000.0,209429000.0,-141851000.0,67578000.0,-91608000.0,-72606000.0,-19002000.0,,-24030000.0,1954000.0,1954000.0,-22076000,0.0,-22076000,20551000.0,-1525000,100600000.0,98711000,98711000,VAR,2015-09-30
361284,USD,2016,Q1,2016-02-09,2017-02-07,97200000.0,97800000.0,757100000.0,-447400000.0,309700000.0,-193000000.0,-133000000.0,-60000000.0,,116700000.0,1700000.0,1700000.0,118400000,0.0,118400000,-29400000.0,89000000,,89000000,89000000,VAR,2015-12-31
361284,USD,2016,Q2,2016-05-10,2017-05-09,95700000.0,96200000.0,615200000.0,-357100000.0,258100000.0,-155100000.0,-106100000.0,-49000000.0,,103000000.0,1000000.0,1000000.0,104000000,0.0,104000000,-26800000.0,77200000,19800000.0,97000000,97000000,VAR,2016-03-31
361284,USD,2016,Q3,2016-08-09,2017-08-08,94900000.0,95400000.0,642900000.0,-359400000.0,283500000.0,-179200000.0,-128100000.0,-51100000.0,,104300000.0,1600000.0,1600000.0,105900000,-2200000.0,103700000,-21800000.0,81900000,17000000.0,98800000,98800000,VAR,2016-06-30
361284,USD,2016,Q4,2016-11-23,2018-11-26,93800000.0,94600000.0,578500000.0,-325100000.0,253400000.0,-145300000.0,-105000000.0,-40300000.0,,108100000.0,1300000.0,1300000.0,109400000,-3100000.0,106300000,-32100000.0,74200000,40600000.0,114500000,114500000,VAR,2016-09-30
361284,USD,2017,Q1,2017-02-07,2018-02-07,93500000.0,94200000.0,601500000.0,-334500000.0,267000000.0,-211300000.0,-161400000.0,-49900000.0,,55700000.0,1900000.0,1900000.0,57600000,-38300000.0,19300000,-11300000.0,8000000,6500000.0,13900000,13900000,VAR,2016-12-31
361284,USD,2017,Q2,2017-05-09,2018-05-08,93000000.0,93700000.0,663200000.0,-387600000.0,275600000.0,-184900000.0,-131600000.0,-53300000.0,,90700000.0,300000.0,300000.0,91000000,-600000.0,90400000,-20900000.0,69500000,-13300000.0,56300000,56300000,VAR,2017-03-31
361284,USD,2017,Q3,2017-08-08,2018-08-07,91700000.0,92400000.0,632800000.0,-367300000.0,265500000.0,-176500000.0,-121400000.0,-55100000.0,,89000000.0,200000.0,200000.0,89200000,-500000.0,88700000,-18800000.0,69900000,0.0,69700000,69700000,VAR,2017-06-30
361284,USD,2017,Q4,2017-11-27,2018-11-26,91800000.0,92500000.0,721800000.0,-416000000.0,305800000.0,-187700000.0,-136000000.0,-51700000.0,,118100000.0,500000.0,500000.0,118600000,-13900000.0,104700000,-26100000.0,78600000,0.0,78600000,78600000,VAR,2017-09-30
361284,USD,2018,Q1,2018-02-07,2018-02-07,91600000.0,91600000.0,678500000.0,-375700000.0,302800000.0,-181400000.0,-125500000.0,-55900000.0,,121400000.0,1100000.0,1100000.0,122500000,0.0,122500000,-234700000.0,-112200000,0.0,-112300000,-112300000,VAR,2017-12-31
361284,USD,2018,Q2,2018-05-08,2018-05-08,91500000.0,92600000.0,729900000.0,-411400000.0,318500000.0,-193400000.0,-134500000.0,-58900000.0,,125100000.0,1300000.0,1300000.0,126400000,-30800000.0,95600000,-22400000.0,73200000,0.0,73200000,73200000,VAR,2018-03-31
361284,USD,2018,Q3,2018-08-07,2018-08-07,91500000.0,92500000.0,709100000.0,-395500000.0,313600000.0,-198400000.0,-138900000.0,-59500000.0,,115200000.0,500000.0,500000.0,115700000,-23700000.0,92000000,-19500000.0,72500000,0.0,72600000,72600000,VAR,2018-06-30
361284,USD,2018,Q4,2018-11-26,2018-11-26,91400000.0,93300000.0,801600000.0,-462900000.0,338700000.0,-204200000.0,-144600000.0,-59600000.0,,134500000.0,11800000.0,7600000.0,146300000,-4300000.0,142000000,-25200000.0,116800000,0.0,116400000,116400000,VAR,2018-09-30
361284,USD,2019,Q1,2019-02-05,2019-02-05,91000000.0,92000000.0,741000000.0,-424900000.0,316100000.0,-204400000.0,-143500000.0,-60900000.0,,111700000.0,25700000.0,2700000.0,137400000,,137400000,-33500000.0,103900000,,103200000,103200000,VAR,2018-12-31
361284,USD,2019,Q2,2019-05-08,2019-05-08,91000000.0,91900000.0,779400000.0,-461200000.0,318200000.0,-208400000.0,-149000000.0,-59400000.0,,109800000.0,3200000.0,3000000.0,113000000,0.0,113000000,-24600000.0,88400000,,88600000,88600000,VAR,2019-03-31
361284,USD,2019,Q3,2019-08-07,2019-08-07,91000000.0,91800000.0,825800000.0,-474400000.0,351400000.0,-215700000.0,-153600000.0,-62100000.0,,135700000.0,6100000.0,1900000.0,141800000,-81800000.0,60000000,-30500000.0,29500000,,29400000,29400000,VAR,2019-06-30
361284,USD,2019,Q4,2019-11-25,2019-11-25,91000000.0,91900000.0,878900000.0,-494300000.0,384600000.0,-242200000.0,-177000000.0,-65200000.0,,142400000.0,-400000.0,-1300000.0,142000000,-31600000.0,110400000,-40000000.0,70400000,,70700000,70700000,VAR,2019-09-30
361284,USD,2020,Q1,2020-02-11,2021-02-09,90900000.0,91700000.0,828900000.0,-462100000.0,366800000.0,-244099999.0,-177000000.0,-67099999.0,,122700001.0,2700000.0,-1700000.0,125400001,-12700000.0,112700001,-23800000.0,88900001,,88200001,88200001,VAR,2019-12-31
361284,USD,2020,Q2,2020-05-12,2020-05-12,90700000.0,91400000.0,794500000.0,-457300000.0,337200000.0,-246300000.0,-175300000.0,-71000000.0,,90900000.0,-2100000.0,-1200000.0,88800000,-36000000.0,52800000,-9700000.0,43100000,,43200000,43200000,VAR,2020-03-31
