SimFinId,Currency,Fiscal Year,Fiscal Period,Publish Date,Restated Date,Shares (Basic),Shares (Diluted),Revenue,Cost of Revenue,Gross Profit,Operating Expenses,"Selling, General & Administrative",Research & Development,Depreciation & Amortization,Operating Income (Loss),Non-Operating Income (Loss),"Interest Expense, Net","Pretax Income (Loss), Adj.",Abnormal Gains (Losses),Pretax Income (Loss),"Income Tax (Expense) Benefit, Net",Income (Loss) from Continuing Operations,Net Extraordinary Gains (Losses),Net Income,Net Income (Common),Ticker,Report_Date
347188,USD,2010,Q2,2010-07-30,2011-07-29,62334000.0,62606000.0,2019893000.0,-1820953000.0,198940000.0,-146778000.0,-139641000.0,,-7107000.0,52162000.0,-3505000.0,-3505000.0,48657000,,48657000,-19188000.0,29469000,,29469000,29469000,OMI,2010-06-30
347188,USD,2010,Q3,2010-10-29,2011-10-28,62395000.0,62612000.0,2063879000.0,-1859925000.0,203954000.0,-148641000.0,-141116000.0,,-7464000.0,55313000.0,-3758000.0,-3758000.0,51555000,,51555000,-20050000.0,31505000,,31505000,31505000,OMI,2010-09-30
347188,USD,2010,Q4,2011-02-25,2013-02-22,62426000.0,62638000.0,2070166000.0,-1862336000.0,207830000.0,-168520000.0,-142340000.0,,-7788000.0,39310000.0,-3761000.0,-3761000.0,35549000,,35549000,-13761000.0,21788000,,21788000,21788000,OMI,2010-12-31
347188,USD,2011,Q1,2011-04-29,2012-04-27,62641000.0,62861000.0,2123815000.0,-1913040000.0,210775000.0,-159778000.0,-150973000.0,,-8767000.0,50997000.0,-3717000.0,-3717000.0,47280000,,47280000,-18540000.0,28740000,,28740000,28740000,OMI,2011-03-31
347188,USD,2011,Q2,2011-07-29,2012-07-27,63007000.0,63198000.0,2131448000.0,-1915382000.0,216066000.0,-165027000.0,-156321000.0,,-8249000.0,51039000.0,-3020000.0,-3020000.0,48019000,,48019000,-18855000.0,29164000,,29164000,29164000,OMI,2011-06-30
347188,USD,2011,Q3,2011-10-28,2012-11-02,62802000.0,62947000.0,2176759000.0,-1960077000.0,216682000.0,-157866000.0,-152825000.0,,-8463000.0,58816000.0,-3426000.0,-3426000.0,55390000,-351000.0,55039000,-21687000.0,33352000,,33352000,33352000,OMI,2011-09-30
347188,USD,2011,Q4,2012-02-24,2014-02-25,62574000.0,62690000.0,2195890000.0,-1981876000.0,214014000.0,-158183000.0,-150538000.0,,-8656000.0,55831000.0,-3519000.0,-3519000.0,52312000,-12817000.0,39495000,-15553000.0,23942000,,23942000,23942000,OMI,2011-12-31
347188,USD,2012,Q1,2012-04-27,2013-05-03,62802000.0,62901000.0,2217882000.0,-2003554000.0,214328000.0,-162456000.0,-155572000.0,,-8578000.0,51872000.0,-3422000.0,-3422000.0,48450000,,48450000,-19090000.0,29360000,,29360000,29360000,OMI,2012-03-31
347188,USD,2012,Q2,2012-07-27,2013-08-02,62815000.0,62895000.0,2185444000.0,-1974015000.0,211429000.0,-157635000.0,-150288000.0,,-8515000.0,53794000.0,-3487000.0,-3487000.0,50307000,-617000.0,49690000,-19577000.0,30113000,,30113000,30113000,OMI,2012-06-30
347188,USD,2012,Q3,2012-11-02,2013-11-07,62763000.0,62841000.0,2179895000.0,-1951772000.0,228123000.0,-173629000.0,-165320000.0,,-10090000.0,54494000.0,-3066000.0,-3066000.0,51428000,-7831000.0,43597000,-19000000.0,24597000,,24597000,24597000,OMI,2012-09-30
347188,USD,2012,Q4,2013-02-22,2015-02-23,62680000.0,62739000.0,2285103000.0,-2014329000.0,270774000.0,-224017000.0,-211415000.0,,-12421000.0,46757000.0,-3422000.0,-3422000.0,43335000,-1716000.0,41619000,-16686000.0,24933000,,24933000,24933000,OMI,2012-12-31
347188,USD,2013,Q1,2013-05-03,2014-05-01,62687000.0,62745000.0,2246384000.0,-1967332000.0,279052000.0,-229158000.0,-217721000.0,,-12629000.0,49894000.0,-3199000.0,-3199000.0,46695000,-2010000.0,44685000,-18587000.0,26098000,,26098000,26098000,OMI,2013-03-31
347188,USD,2013,Q2,2013-08-02,2014-07-30,62707000.0,62752000.0,2236077000.0,-1962646000.0,273431000.0,-222743000.0,-212548000.0,,-12276000.0,50688000.0,-3248000.0,-3248000.0,47440000,-638000.0,46802000,-17930000.0,28872000,,28872000,28872000,OMI,2013-06-30
347188,USD,2013,Q3,2013-11-07,2014-10-29,62605000.0,62631000.0,2270547000.0,-1997218000.0,273329000.0,-221367000.0,-211344000.0,,-12441000.0,51962000.0,-3389000.0,-3389000.0,48573000,-2747000.0,45826000,-17856000.0,27970000,,27970000,27970000,OMI,2013-09-30
347188,USD,2013,Q4,2014-02-25,2016-02-25,62501000.0,62516000.0,2318524000.0,-2027261000.0,291263000.0,-233280000.0,-222043000.0,,-13240000.0,57983000.0,-3262000.0,-3262000.0,54721000,-7049000.0,47672000,-19730000.0,27942000,,27942000,27942000,OMI,2013-12-31
347188,USD,2014,Q1,2014-05-01,2015-04-28,62304000.0,62317000.0,2256380000.0,-1975185000.0,281195000.0,-231649000.0,-225610000.0,,-13864000.0,49546000.0,-3246000.0,-3246000.0,46300000,-3262000.0,43038000,-17553000.0,25485000,,25485000,25485000,OMI,2014-03-31
347188,USD,2014,Q2,2014-07-30,2015-07-28,62311000.0,62316000.0,2305858000.0,-2023586000.0,282272000.0,-237578000.0,-225838000.0,,-13892000.0,44694000.0,-3342000.0,-3342000.0,41352000,-7593000.0,33759000,-13883000.0,19876000,,19876000,19876000,OMI,2014-06-30
347188,USD,2014,Q3,2014-10-29,2015-10-28,62175000.0,62179000.0,2386126000.0,-2093643000.0,292483000.0,-243149000.0,-231377000.0,,-13841000.0,49334000.0,-4304000.0,-4304000.0,45030000,-28847000.0,16183000,-9028000.0,7155000,,7155000,7155000,OMI,2014-09-30
347188,USD,2014,Q4,2015-02-23,2017-02-17,62090000.0,62092000.0,2491818000.0,-2177802000.0,314016000.0,-255253000.0,-301277000.0,,41597000.0,58763000.0,-7271000.0,-7271000.0,51492000,-17989000.0,33503000,-19516000.0,13987000,,13987000,13987000,OMI,2014-12-31
347188,USD,2015,Q1,2015-04-28,2016-05-04,62264000.0,62266000.0,2391196000.0,-2093595000.0,297601000.0,-246710000.0,-249694000.0,,,50891000.0,-6880000.0,-6880000.0,44011000,-9916000.0,34095000,-15155000.0,18940000,,18940000,18940000,OMI,2015-03-31
347188,USD,2015,Q2,2015-07-28,2016-08-03,62226000.0,62226000.0,2422167000.0,-2123830000.0,298337000.0,-244770000.0,-246958000.0,,,53567000.0,-6680000.0,-6680000.0,46887000,-5707000.0,41180000,-16954000.0,24226000,,24226000,24226000,OMI,2015-06-30
347188,USD,2015,Q3,2015-10-28,2016-11-02,61998000.0,61998000.0,2471669000.0,-2165315000.0,306354000.0,-246648000.0,-246959000.0,,,59706000.0,-6744000.0,-6744000.0,52962000,-6134000.0,46828000,-18652000.0,28176000,,28176000,28176000,OMI,2015-09-30
347188,USD,2015,Q4,2016-02-25,2018-02-23,61976000.0,61978000.0,2487914000.0,-2175633000.0,312281000.0,-247682000.0,-250172000.0,,,64599000.0,-6845000.0,-6845000.0,57754000,-6647000.0,51107000,-19040000.0,32067000,,32067000,32067000,OMI,2015-12-31
347188,USD,2016,Q1,2016-05-04,2017-05-03,61696000.0,61696000.0,2455793000.0,-2159157000.0,296636000.0,-241183000.0,-242725000.0,,,55453000.0,-6790000.0,-6790000.0,48663000,-10483000.0,38180000,-14045000.0,24135000,,24135000,24135000,OMI,2016-03-31
347188,USD,2016,Q2,2016-08-03,2017-08-02,61502000.0,61502000.0,2483676000.0,-2184256000.0,299420000.0,-240614000.0,-242914000.0,,,58806000.0,-6765000.0,-6765000.0,52041000,-6752000.0,45289000,-17573000.0,27716000,,27716000,27716000,OMI,2016-06-30
347188,USD,2016,Q3,2016-11-02,2017-11-02,61015000.0,61015000.0,2415601000.0,-2119326000.0,296275000.0,-239968000.0,-241305000.0,,,56307000.0,-6770000.0,-6770000.0,49537000,-2739000.0,46798000,-16967000.0,29831000,,29831000,29831000,OMI,2016-09-30
347188,USD,2016,Q4,2017-02-17,2018-02-23,60159000.0,60159000.0,2368361000.0,-2073382000.0,294979000.0,-241271000.0,-243480000.0,,,53708000.0,-6732000.0,-6732000.0,46976000,-4701000.0,42275000,-15170000.0,27105000,,27105000,27105000,OMI,2016-12-31
347188,USD,2017,Q1,2017-05-03,2018-05-10,60013000.0,60013000.0,2328573000.0,-2047393000.0,281180000.0,-236721000.0,-237693000.0,,,44459000.0,-6744000.0,-6744000.0,37715000,-8942000.0,28773000,-9988000.0,18785000,,18785000,18785000,OMI,2017-03-31
347188,USD,2017,Q2,2017-08-02,2018-08-08,59863000.0,59863000.0,2265907000.0,-1992374000.0,273533000.0,-237803000.0,-236615000.0,,,35730000.0,-6736000.0,-6736000.0,28994000,-2893000.0,26101000,-5960000.0,20141000,,20141000,20141000,OMI,2017-06-30
347188,USD,2017,Q3,2017-11-02,2018-11-05,59849000.0,59849000.0,2333961000.0,-2032019000.0,301942000.0,-262972000.0,-261045000.0,,,38970000.0,-8737000.0,-8737000.0,30233000,-9299000.0,20934000,-10063000.0,10871000,,10871000,10871000,OMI,2017-09-30
347188,USD,2017,Q4,2018-02-23,2018-02-23,60279000.0,60279000.0,2389834000.0,-2074623000.0,315211000.0,-284412000.0,-281625000.0,,,30799000.0,-9556000.0,-9556000.0,21243000,-39573000.0,-18330000,41326000.0,22996000,,22996000,22996000,OMI,2017-12-31
347188,USD,2018,Q1,2018-05-10,2018-05-10,59969000.0,59969000.0,2372579000.0,-2047892000.0,324687000.0,-285710000.0,-284361000.0,,,38977000.0,-10253000.0,-10253000.0,28724000,-14760000.0,13964000,-5813000.0,8151000,,8151000,8151000,OMI,2018-03-31
347188,USD,2018,Q2,2018-08-08,2018-08-08,59750000.0,59750000.0,2458271000.0,-2133277000.0,324994000.0,-306668000.0,-308775000.0,,,18326000.0,-18571000.0,-18571000.0,-245000,-190377000.0,-190622000,7845000.0,-182777000,,-182777000,-182777000,OMI,2018-06-30
347188,USD,2018,Q3,2018-11-05,2018-11-05,59766000.0,59766000.0,2464877000.0,-2112303000.0,352574000.0,-323490000.0,-325012000.0,,,29084000.0,-23826000.0,-23826000.0,5258000,-7727000.0,-2469000,1904000.0,-565000,,-565000,-565000,OMI,2018-09-30
347188,USD,2018,Q4,2019-03-06,2019-03-06,60571000.0,60571000.0,2542981000.0,-2178273000.0,364708000.0,-341456000.0,-343600000.0,,,23252000.0,-24371000.0,-24371000.0,-1119000,-288949000.0,-290068000,28247000.0,-261821000,,-261821000,-261821000,OMI,2018-12-31
347188,USD,2019,Q1,2019-05-07,2019-05-07,60376000.0,60376000.0,2461388000.0,-2102964000.0,358424000.0,-338742000.0,-338703000.0,,,19682000.0,-29101000.0,-29101000.0,-9419000,-4990000.0,-14409000,313000.0,-14096000,,-14096000,-14096000,OMI,2019-03-31
347188,USD,2019,Q2,2019-08-07,2019-08-07,59805000.0,59805000.0,2484200000.0,-2115773000.0,368427000.0,-346628000.0,-345892000.0,,,21799000.0,-27682000.0,-27682000.0,-5883000,-5655000.0,-11538000,1062000.0,-10476000,,-10476000,-10476000,OMI,2019-06-30
347188,USD,2019,Q3,2019-11-06,2019-11-06,60030000.0,60030000.0,2399017000.0,-2036530000.0,362487000.0,-332268000.0,-332369000.0,,,30219000.0,-25753000.0,-25938000.0,4466000,-4905000.0,-439000,1663000.0,1224000,,1224000,1224000,OMI,2019-09-30
347188,USD,2019,Q4,2020-03-04,2020-03-04,62085000.0,62085000.0,1866334000.0,-1827181000.0,39153000.0,-7652000.0,-6101000.0,,,31501000.0,-19334000.0,-15392000.0,12167000,-14500000.0,-2333000,3097000.0,764000,-39787000.0,-39023000,-39023000,OMI,2019-12-31
347188,USD,2020,Q1,2020-05-06,2021-05-05,60571000.0,60571000.0,2122693000.0,-1854134000.0,268559000.0,-251739000.0,-254048000.0,,,16820000.0,-24061000.0,-23342000.0,-7241000,-10191000.0,-17432000,8523000.0,-8909000,-2415000.0,-11324000,-11324000,OMI,2020-03-31
