SimFinId,Currency,Fiscal Year,Fiscal Period,Publish Date,Restated Date,Shares (Basic),Shares (Diluted),Revenue,Cost of Revenue,Gross Profit,Operating Expenses,"Selling, General & Administrative",Research & Development,Depreciation & Amortization,Operating Income (Loss),Non-Operating Income (Loss),"Interest Expense, Net","Pretax Income (Loss), Adj.",Abnormal Gains (Losses),Pretax Income (Loss),"Income Tax (Expense) Benefit, Net",Income (Loss) from Continuing Operations,Net Extraordinary Gains (Losses),Net Income,Net Income (Common),Ticker,Report_Date
256748,USD,2010,Q4,2011-01-20,2013-01-29,48738000.0,49740000.0,260907000.0,-197797000.0,63110000.0,-44348000.0,-43227000.0,,,18762000.0,-2754000.0,-2754000.0,16008000,0.0,16008000,-3181000.0,15444000,6126000.0,21936000,21936000,FUL,2010-11-30
256748,USD,2011,Q1,2011-03-28,2012-03-30,49006000.0,49877000.0,339548000.0,-242644000.0,96904000.0,-75359000.0,-75653000.0,,,21545000.0,-2581000.0,-2581000.0,18964000,-332000.0,18632000,-6285000.0,14207000,,14351000,14351000,FUL,2011-02-28
256748,USD,2011,Q2,2011-06-24,2012-07-06,49021000.0,49850000.0,368360000.0,-265396000.0,102964000.0,-70140000.0,-70136000.0,,,32824000.0,-2572000.0,-2572000.0,30252000,0.0,30252000,-8500000.0,24228000,624000.0,25125000,25125000,FUL,2011-05-31
256748,USD,2011,Q3,2011-09-23,2012-10-05,49000000.0,49917000.0,363071000.0,-260058000.0,103013000.0,-70336000.0,-72052000.0,,,32677000.0,-2763000.0,-2763000.0,29914000,0.0,29914000,-9831000.0,22177000,1214000.0,23220000,23220000,FUL,2011-08-31
256748,USD,2011,Q4,2012-01-27,2014-01-24,48937000.0,49820000.0,373106000.0,-272155000.0,100951000.0,-66935000.0,-69030000.0,,,34016000.0,-2895000.0,-2895000.0,31121000,-7499000.0,23622000,-6595000.0,19603000,6994000.0,26409000,26409000,FUL,2011-11-30
256748,USD,2012,Q1,2012-03-30,2013-03-29,49365000.0,50253000.0,345453000.0,-242766000.0,102687000.0,-74613000.0,-75031000.0,,,28074000.0,-2618000.0,-2618000.0,25456000,-6482000.0,18974000,-7563000.0,13607000,1723000.0,15305000,15305000,FUL,2012-02-29
256748,USD,2012,Q2,2012-07-06,2013-06-28,49652000.0,50722000.0,526995000.0,-390444000.0,136551000.0,-92725000.0,-92956000.0,,,43826000.0,-5749000.0,-5749000.0,38077000,-32798000.0,5279000,-2367000.0,5060000,-3053000.0,1936000,1936000,FUL,2012-05-31
256748,USD,2012,Q3,2012-10-05,2013-09-27,49627000.0,50699000.0,500535000.0,-366211000.0,134324000.0,-91977000.0,-91355000.0,,,42347000.0,-5950000.0,-5950000.0,36397000,-4654000.0,31743000,-9358000.0,24607000,58716000.0,83268000,83268000,FUL,2012-08-31
256748,USD,2012,Q4,2013-01-29,2015-01-28,49640000.0,50798000.0,513256000.0,-369542000.0,143714000.0,-94636000.0,-95393000.0,,,49078000.0,-5476000.0,-5476000.0,43602000,-10050000.0,33552000,-11191000.0,25013000,182000.0,25113000,25113000,FUL,2012-11-30
256748,USD,2013,Q1,2013-03-29,2014-03-28,49817000.0,51027000.0,479842000.0,-346466000.0,133376000.0,-97262000.0,-97640000.0,,,36114000.0,-5327000.0,-5327000.0,30787000,-5333000.0,25454000,-7120000.0,20774000,,20677000,20677000,FUL,2013-02-28
256748,USD,2013,Q2,2013-06-28,2014-06-27,49935000.0,51152000.0,519016000.0,-372400000.0,146616000.0,-95620000.0,-93806000.0,,,50996000.0,-4884000.0,-4884000.0,46112000,-10843000.0,35269000,-10864000.0,26048000,,25929000,25929000,FUL,2013-05-31
256748,USD,2013,Q3,2013-09-27,2014-09-26,49913000.0,51127000.0,514579.0,-370072.0,144507.0,-91650.0,-90604.0,,,52857.0,-4579.0,-4579.0,48278,-12775.0,35503,-10290.0,27150,1211.0,28269,28269,FUL,2013-08-31
256748,USD,2013,Q4,2014-01-24,2016-01-27,49907000.0,51238000.0,1047595421.0,-757560928.0,290034493.0,-185446350.0,-183132396.0,,,104588143.0,-8904421.0,-8904421.0,95683722,-28898225.0,66785497,-21954710.0,49125850,1209789.0,50126731,50126731,FUL,2013-11-30
256748,USD,2014,Q1,2014-03-28,2015-03-27,49910000.0,51255000.0,485981000.0,-352936000.0,133045000.0,-97849000.0,-96799000.0,,,35196000.0,-4126000.0,-4126000.0,31070000,-11734000.0,19336000,-6541000.0,14649000,,14649000,14649000,FUL,2014-02-28
256748,USD,2014,Q2,2014-06-27,2015-06-30,49956000.0,51175000.0,544034000.0,-401379000.0,142655000.0,-96576000.0,-96372000.0,,,46079000.0,-4760000.0,-4760000.0,41319000,-13538000.0,27781000,-8838000.0,20626000,0.0,20537000,20537000,FUL,2014-05-31
256748,USD,2014,Q3,2014-09-26,2015-09-25,50053000.0,51297000.0,526765000.0,-401611000.0,125154000.0,-97068000.0,-96779000.0,,,28086000.0,-5292000.0,-5292000.0,22794000,-12343000.0,10451000,-8035000.0,4084000,0.0,3987000,3987000,FUL,2014-08-31
256748,USD,2014,Q4,2015-01-28,2017-01-31,50105000.0,51293000.0,547674000.0,-415238000.0,132436000.0,-91240000.0,-93499000.0,,,41196000.0,-5566000.0,-5566000.0,35630000,-13886000.0,21744000,-10934000.0,10792000,0.0,10600000,10600000,FUL,2014-11-30
256748,USD,2015,Q1,2015-03-27,2016-04-05,50188000.0,51379000.0,470661000.0,-354455000.0,116206000.0,-94470000.0,-94833000.0,,,21736000.0,-6102000.0,-6102000.0,15634000,-2361000.0,13273000,-4769000.0,9795000,-85000.0,9710000,9710000,FUL,2015-02-28
256748,USD,2015,Q2,2015-06-30,2016-06-24,50345000.0,51471000.0,540762000.0,-391825000.0,148937000.0,-101151000.0,-100582000.0,,,47786000.0,-6215000.0,-6215000.0,41571000,-934000.0,40637000,-15387000.0,26616000,-1300000.0,25172000,25172000,FUL,2015-05-31
256748,USD,2015,Q3,2015-09-25,2016-09-23,50421000.0,51530000.0,524133000.0,-377293000.0,146840000.0,-99337000.0,-98297000.0,,,47503000.0,-6448000.0,-6448000.0,41055000,-1297000.0,39758000,-14372000.0,26886000,0.0,26807000,26807000,FUL,2015-08-31
256748,USD,2015,Q4,2016-01-27,2018-01-31,50142000.0,51192000.0,548104000.0,-392044000.0,156060000.0,-105065000.0,-103846000.0,,,50995000.0,-6256000.0,-6256000.0,44739000,-62000.0,44677000,-21327000.0,25100000,85000.0,24991000,24991000,FUL,2015-11-30
256748,USD,2016,Q1,2016-04-05,2017-03-31,49958000.0,50995000.0,474326000.0,-336721000.0,137605000.0,-104849000.0,-99767000.0,,,32756000.0,-6308000.0,-6308000.0,26448000,-413000.0,26035000,-8760000.0,18967000,,18918000,18918000,FUL,2016-02-29
256748,USD,2016,Q2,2016-06-24,2017-06-30,50145000.0,51253000.0,532514000.0,-374258000.0,158256000.0,-105249000.0,-103684000.0,,,53007000.0,-6597000.0,-6597000.0,46410000,-370000.0,46040000,-14290000.0,33390000,,33331000,33331000,FUL,2016-05-31
256748,USD,2016,Q3,2016-09-23,2017-09-29,50261000.0,51453000.0,512858000.0,-366737000.0,146121000.0,-98648000.0,-97692000.0,,,47473000.0,-6809000.0,-6809000.0,40664000,2807000.0,43471000,-12513000.0,32798000,,32745000,32745000,FUL,2016-08-31
256748,USD,2016,Q4,2017-01-31,2019-01-28,50180000.0,51379000.0,574907000.0,-411067000.0,163840000.0,-108486000.0,-106495000.0,,,55354000.0,-5600000.0,-5600000.0,49754000,-1856000.0,47898000,-13357000.0,36762000,,36669000,36669000,FUL,2016-11-30
256748,USD,2017,Q1,2017-03-31,2018-04-04,50243000.0,51460000.0,503323000.0,-364327000.0,138996000.0,-112294000.0,-112915000.0,,,26702000.0,-8380000.0,-8380000.0,18322000,,18322000,-5765000.0,14831000,,14795000,14795000,FUL,2017-02-28
256748,USD,2017,Q2,2017-06-30,2018-06-29,50496000.0,51686000.0,561651000.0,-415613000.0,146038000.0,-103699000.0,-102770000.0,,,42339000.0,-7329000.0,-7329000.0,35010000,,35010000,-11151000.0,25864000,,25867000,25867000,FUL,2017-05-31
256748,USD,2017,Q3,2017-09-29,2018-09-28,50384000.0,51605000.0,562869000.0,-412469000.0,150400000.0,-110821000.0,-110219000.0,,,39579000.0,-7348000.0,-7348000.0,32231000,,32231000,-9262000.0,25139000,,25138000,25138000,FUL,2017-08-31
256748,USD,2017,Q4,2018-01-31,2019-01-28,50357000.0,51725000.0,678200000.0,-508564000.0,169636000.0,-177883000.0,-151126000.0,,,-8247000.0,-16717000.0,-16717000.0,-24964000,0.0,-24964000,16368000.0,-6368000,,-6382000,-6382000,FUL,2017-11-30
256748,USD,2018,Q1,2018-04-04,2018-04-04,50471000.0,51898000.0,713079000.0,-525374000.0,187705000.0,-146946000.0,-151020000.0,,,40759000.0,-27545000.0,-27545000.0,13214000,,13214000,32632000.0,47667000,,47682000,47682000,FUL,2018-02-28
256748,USD,2018,Q2,2018-06-29,2018-06-29,50551000.0,51846000.0,789387000.0,-567002000.0,222385000.0,-141349000.0,-145199000.0,,,81036000.0,-25223000.0,-25223000.0,55813000,,55813000,-13488000.0,44464000,,44451000,44451000,FUL,2018-05-31
256748,USD,2018,Q3,2018-09-28,2018-09-28,50632000.0,52138000.0,770107000.0,-552903000.0,217204000.0,-147444000.0,-146069000.0,,,69760000.0,-24924000.0,-24924000.0,44836000,,44836000,-9300000.0,37736000,,37730000,37730000,FUL,2018-08-31
256748,USD,2018,Q4,2019-01-28,2019-01-28,50710000.0,52018000.0,768429000.0,-567565000.0,200864000.0,-136473000.0,-147979000.0,,,64391000.0,-21528000.0,-21528000.0,42863000,,42863000,-3488000.0,41365000,,41345000,41345000,FUL,2018-11-30
256748,USD,2019,Q1,2019-03-29,2019-03-29,50752000.0,51901000.0,672935000.0,-493010000.0,179925000.0,-142348000.0,-145713000.0,,,37577000.0,-23754000.0,-23754000.0,13823000,,13823000,-3140000.0,12248000,,12244000,12244000,FUL,2019-02-28
256748,USD,2019,Q2,2019-06-28,2019-06-28,50902000.0,52105000.0,759583000.0,-541124000.0,218459000.0,-143093000.0,-146079000.0,,,75366000.0,-23917000.0,-23917000.0,51449000,,51449000,-16441000.0,36641000,,36641000,36641000,FUL,2019-05-31
256748,USD,2019,Q3,2019-09-27,2020-09-24,50939000.0,51502000.0,725376000.0,-518055000.0,207321000.0,-117853000.0,-140615000.0,,,89468000.0,-22492000.0,-22492000.0,66976000,,66976000,-19321000.0,49730000,,49718000,49718000,FUL,2019-08-31
256748,USD,2019,Q4,2020-01-24,2020-09-24,51087000.0,52424000.0,739106000.0,-537889000.0,201217000.0,-139691000.0,-148521000.0,,,61526000.0,-20946000.0,-20946000.0,40580000,,40580000,-10506000.0,32225000,,32214000,32214000,FUL,2019-11-30
256748,USD,2020,Q1,2020-03-26,2021-03-25,51295000.0,52580000.0,646564000.0,-476302000.0,170262000.0,-136540000.0,-141509000.0,,,33722000.0,-19839000.0,-19839000.0,13883000,,13883000,-5611000.0,9906000,,9895000,9895000,FUL,2020-02-29
