SimFinId,Currency,Fiscal Year,Fiscal Period,Publish Date,Restated Date,Shares (Basic),Shares (Diluted),Revenue,Cost of Revenue,Gross Profit,Operating Expenses,"Selling, General & Administrative",Research & Development,Depreciation & Amortization,Operating Income (Loss),Non-Operating Income (Loss),"Interest Expense, Net","Pretax Income (Loss), Adj.",Abnormal Gains (Losses),Pretax Income (Loss),"Income Tax (Expense) Benefit, Net",Income (Loss) from Continuing Operations,Net Extraordinary Gains (Losses),Net Income,Net Income (Common),Ticker,Report_Date
336327,USD,2009,Q3,2009-10-23,2010-10-22,230451224.0,230711204.0,1499611000.0,-941345000.0,558266000.0,-378125000.0,-378125000.0,,,180141000.0,-25396000.0,-26299000.0,154745000,,154745000,-47261000.0,107484000,-600000.0,106884000,106884000,DOV,2009-09-30
336327,USD,2009,Q4,2010-02-19,2012-02-10,230657970.0,232958174.0,1075304000.0,-595879000.0,479425000.0,-311538000.0,-311538000.0,,,167887000.0,-24309000.0,-26935000.0,143578000,,143578000,-39607000.0,103971000,-4922000.0,99049000,99049000,DOV,2009-12-31
336327,USD,2010,Q1,2010-04-23,2011-04-21,231621134.0,232602868.0,1583270000.0,-971113000.0,612157000.0,-409169000.0,-409169000.0,,,202988000.0,-25928000.0,-27169000.0,177060000,,177060000,-55575000.0,121485000,-13358000.0,108127000,108127000,DOV,2010-03-31
336327,USD,2010,Q2,2010-07-23,2011-07-22,231286874.0,233635360.0,1786696000.0,-1097998000.0,688698000.0,-423809000.0,-423809000.0,,,264889000.0,-22234000.0,-26942000.0,242655000,,242655000,-70762000.0,171893000,-2023000.0,169870000,169870000,DOV,2010-06-30
336327,USD,2010,Q3,2010-10-22,2011-10-21,231160598.0,233443470.0,1802158000.0,-1111364000.0,690794000.0,-397927000.0,-397927000.0,,,292867000.0,-36121000.0,-26335000.0,256746000,,256746000,-37437000.0,219309000,4450000.0,223759000,223759000,DOV,2010-09-30
336327,USD,2010,Q4,2011-02-11,2013-02-15,231445338.0,237088142.0,937383000.0,-506386000.0,430997000.0,-268692000.0,-268692000.0,,,162305000.0,-25644000.0,-25925000.0,136661000,,136661000,-29851000.0,106810000,91538000.0,198348000,198348000,DOV,2010-12-31
336327,USD,2011,Q1,2011-04-21,2012-04-18,231083842.0,235331420.0,1812078000.0,-1100327000.0,711751000.0,-453427000.0,-453427000.0,,,258324000.0,-29506000.0,-28318000.0,228818000,,228818000,-54027000.0,174791000,20114000.0,194905000,194905000,DOV,2011-03-31
336327,USD,2011,Q2,2011-07-22,2012-07-18,230816434.0,234854790.0,1994970000.0,-1218974000.0,775996000.0,-448399000.0,-448399000.0,,,327597000.0,-29634000.0,-28157000.0,297963000,,297963000,-58765000.0,239198000,10571000.0,249769000,249769000,DOV,2011-06-30
336327,USD,2011,Q3,2011-10-21,2012-10-17,229983260.0,233283768.0,2138606000.0,-1332324000.0,806282000.0,-476640000.0,-476640000.0,,,329642000.0,-30109000.0,-30061000.0,299533000,,299533000,-76095000.0,223438000,-51158000.0,172280000,172280000,DOV,2011-09-30
336327,USD,2011,Q4,2012-02-10,2014-02-14,228604128.0,231898446.0,1423500000.0,-872726000.0,550774000.0,-342488000.0,-342488000.0,,,208286000.0,-24338000.0,-28989000.0,183948000,,183948000,-48189000.0,135759000,142530000.0,278289000,278289000,DOV,2011-12-31
336327,USD,2012,Q1,2012-06-14,2013-04-17,227466406.0,231142028.0,1954614000.0,-1208534000.0,746080000.0,-453989000.0,-453989000.0,,,292091000.0,-31816000.0,-30031000.0,260275000,,260275000,-73866000.0,186409000,9654000.0,196063000,196063000,DOV,2012-03-31
336327,USD,2012,Q2,2012-07-18,2013-07-18,227165572.0,229995640.0,2038289000.0,-1261187000.0,777102000.0,-466089000.0,-466089000.0,,,311013000.0,-30079000.0,-29715000.0,280934000,,280934000,-75778000.0,205156000,8945000.0,214101000,214101000,DOV,2012-06-30
336327,USD,2012,Q3,2012-10-17,2013-10-17,225022594.0,227707816.0,2097605000.0,-1287466000.0,810139000.0,-451943000.0,-451943000.0,,,358196000.0,-34105000.0,-30399000.0,324091000,,324091000,-90761000.0,233330000,7716000.0,241046000,241046000,DOV,2012-09-30
336327,USD,2012,Q4,2013-02-15,2015-02-13,219385980.0,222287852.0,536140000.0,-289472000.0,246668000.0,-148940000.0,-148940000.0,,,97728000.0,-31963000.0,-31124000.0,65765000,,65765000,-40585000.0,25180000,134680000.0,159860000,159860000,DOV,2012-12-31
336327,USD,2013,Q1,2013-04-17,2014-04-17,214728624.0,217351946.0,1763977000.0,-1082359000.0,681618000.0,-416437000.0,-416437000.0,,,265181000.0,-27395000.0,-30284000.0,237786000,,237786000,-70573000.0,167213000,42790000.0,210003000,210003000,DOV,2013-03-31
336327,USD,2013,Q2,2013-07-18,2014-07-17,211835418.0,214294086.0,1932411000.0,-1176593000.0,755818000.0,-435620000.0,-435620000.0,,,320198000.0,-31879000.0,-30232000.0,288319000,,288319000,-30261000.0,258058000,71991000.0,330049000,330049000,DOV,2013-06-30
336327,USD,2013,Q3,2013-10-17,2014-10-16,211133472.0,213844692.0,1940211000.0,-1183864000.0,756347000.0,-408264000.0,-408264000.0,,,348083000.0,-30413000.0,-30236000.0,317670000,,317670000,-91435000.0,226235000,42879000.0,269114000,269114000,DOV,2013-09-30
336327,USD,2013,Q4,2014-02-14,2016-02-12,210436478.0,213914020.0,1518497000.0,-933689000.0,584808000.0,-356600000.0,-356600000.0,,,228208000.0,-25997000.0,-29902000.0,202211000,,202211000,-56190000.0,146021000,47942000.0,193963000,193963000,DOV,2013-12-31
336327,USD,2014,Q1,2014-04-17,2015-04-21,210150500.0,212952094.0,1802570000.0,-1094710000.0,707860000.0,-433404000.0,-433404000.0,,,274456000.0,-32846000.0,-32655000.0,241610000,,241610000,-71569000.0,170041000,-9903000.0,160138000,160138000,DOV,2014-03-31
336327,USD,2014,Q2,2014-07-17,2015-07-21,206094812.0,209044966.0,1962636000.0,-1194537000.0,768099000.0,-438824000.0,-438824000.0,,,329275000.0,-25728000.0,-31961000.0,303547000,,303547000,-92966000.0,210581000,3378000.0,213959000,213959000,DOV,2014-06-30
336327,USD,2014,Q3,2014-10-16,2015-10-20,205533998.0,208408634.0,2009575000.0,-1235153000.0,774422000.0,-426160000.0,-426160000.0,,,348262000.0,-30199000.0,-31231000.0,318063000,,318063000,-92380000.0,225683000,6161000.0,231844000,231844000,DOV,2014-09-30
336327,USD,2014,Q4,2015-02-13,2017-02-10,203679474.0,205699890.0,1977947000.0,-1254079000.0,723868000.0,-460377000.0,-460377000.0,,,263491000.0,-32504000.0,-31332000.0,230987000,,230987000,-59152000.0,171835000,-2541000.0,169294000,169294000,DOV,2014-12-31
336327,USD,2015,Q1,2015-04-21,2016-04-21,200122700.0,202193874.0,1715501000.0,-1088342000.0,627159000.0,-434634000.0,-434634000.0,,,192525000.0,-27850000.0,-32037000.0,164675000,,164675000,-47485000.0,117190000,92320000.0,209510000,209510000,DOV,2015-03-31
336327,USD,2015,Q2,2015-07-21,2016-07-21,196396320.0,198572724.0,1758628000.0,-1104060000.0,654568000.0,-402695000.0,-402695000.0,,,251873000.0,-30732000.0,-31988000.0,221141000,,221141000,-65507000.0,155634000,176762000.0,332396000,332396000,DOV,2015-06-30
336327,USD,2015,Q3,2015-10-20,2016-10-19,192261400.0,193821280.0,1787582000.0,-1114974000.0,672608000.0,-395688000.0,-395688000.0,,,276920000.0,-31616000.0,-31983000.0,245304000,,245304000,-58821000.0,186483000,-385000.0,186098000,186098000,DOV,2015-09-30
336327,USD,2015,Q4,2016-02-12,2017-02-10,191748868.0,193631866.0,1694600000.0,-1080791000.0,613809000.0,-414365000.0,-414365000.0,,,199444000.0,-29954000.0,-31249000.0,169490000,,169490000,-32916000.0,136574000,5251000.0,141825000,141825000,DOV,2015-12-31
336327,USD,2016,Q1,2016-04-21,2017-04-20,191969232.0,193327318.0,1622273000.0,-1033009000.0,589264000.0,-443448000.0,-443448000.0,,,145816000.0,-29420000.0,-31714000.0,116396000,11228000.0,127624000,-28268000.0,99356000,,99356000,99356000,DOV,2016-03-31
336327,USD,2016,Q2,2016-07-21,2017-07-20,192112840.0,193864610.0,1686345000.0,-1055132000.0,631213000.0,-437411000.0,-437411000.0,,,193802000.0,-30104000.0,-32157000.0,163698000,801000.0,164499000,-46209000.0,118290000,,118290000,118290000,DOV,2016-06-30
336327,USD,2016,Q3,2016-10-19,2017-10-19,192261400.0,194115924.0,1707763000.0,-1075975000.0,631788000.0,-421042000.0,-421042000.0,,,210746000.0,-29570000.0,-32994000.0,181176000,0.0,181176000,-51092000.0,130084000,,130084000,130084000,DOV,2016-09-30
336327,USD,2016,Q4,2017-02-10,2017-02-10,192360440.0,194353620.0,1777961000.0,-1158257000.0,619704000.0,-455622000.0,-455622000.0,,,164082000.0,-32618000.0,-32777000.0,131464000,84569000.0,216033000,-54871000.0,161162000,0.0,161162000,161162000,DOV,2016-12-31
336327,USD,2017,Q1,2017-04-20,2017-04-20,192558520.0,194859962.0,1813372000.0,-1152198000.0,661174000.0,-485290000.0,-485290000.0,,,175884000.0,-34005000.0,-33829000.0,141879000,90093000.0,231972000,-59725000.0,172247000,,172247000,172247000,DOV,2017-03-31
336327,USD,2017,Q2,2017-07-20,2017-07-20,192760314.0,195001094.0,1993351000.0,-1243905000.0,749446000.0,-484046000.0,-484046000.0,,,265400000.0,-34609000.0,-34594000.0,230791000,0.0,230791000,-66733000.0,164058000,,164058000,164058000,DOV,2017-06-30
336327,USD,2017,Q3,2017-10-19,2017-10-19,192827166.0,195053090.0,2006275000.0,-1261942000.0,744333000.0,-470516000.0,-470516000.0,,,273817000.0,-36389000.0,-33692000.0,237428000,0.0,237428000,-58516000.0,178912000,,178912000,178912000,DOV,2017-09-30
336327,USD,2017,Q4,2018-02-16,2018-02-16,192806120.0,196234142.0,2017438000.0,-1282014000.0,735424000.0,-536080000.0,-536080000.0,,,199344000.0,-38737000.0,-34591000.0,160607000,113045000.0,273652000,22796000.0,296448000,0.0,296448000,296448000,DOV,2017-12-31
336327,USD,2018,Q1,2018-04-27,2018-04-27,191295760.0,194477420.0,1921579000.0,-1212638000.0,708941000.0,-514149000.0,-514149000.0,,,194792000.0,-34035000.0,-33749000.0,160757000,0.0,160757000,-29322000.0,131435000,,131435000,131435000,DOV,2018-03-31
336327,USD,2018,Q2,2018-07-19,2018-07-19,151744000.0,153938000.0,1798094000.0,-1132858000.0,665236000.0,-428775000.0,-428775000.0,,,236461000.0,-25024000.0,-29562000.0,211437000,0.0,211437000,-44981000.0,166456000,-26497000.0,139959000,139959000,DOV,2018-06-30
336327,USD,2018,Q3,2018-10-18,2018-10-18,147344000.0,149457000.0,1747403000.0,-1100883000.0,646520000.0,-426445000.0,-426445000.0,,,220075000.0,-27059000.0,-29132000.0,193016000,0.0,193016000,-35711000.0,157305000,0.0,157305000,157305000,DOV,2018-09-30
336327,USD,2018,Q4,2019-02-15,2019-02-15,109112240.0,110659580.0,1525042000.0,-986183000.0,538859000.0,-347075000.0,-347075000.0,,,191784000.0,-31616000.0,-29648000.0,160168000,0.0,160168000,-24219000.0,135949000,5619000.0,141568000,141568000,DOV,2018-12-31
336327,USD,2019,Q1,2019-04-18,2019-04-18,145087000.0,146911000.0,1724757000.0,-1101215000.0,623542000.0,-408466000.0,-408466000.0,,,215076000.0,-29812000.0,-30918000.0,185264000,-46946000.0,138318000,-32613000.0,105705000,0.0,105705000,105705000,DOV,2019-03-31
336327,USD,2019,Q2,2019-07-18,2019-07-18,145366000.0,147179000.0,1810706000.0,-1138113000.0,672593000.0,-396634000.0,-396634000.0,,,275959000.0,-26220000.0,-30809000.0,249739000,0.0,249739000,-51654000.0,198085000,0.0,198085000,198085000,DOV,2019-06-30
336327,USD,2019,Q3,2019-10-17,2019-10-17,145372000.0,147051000.0,1825345000.0,-1151857000.0,673488000.0,-390775000.0,-390775000.0,,,282713000.0,-24783000.0,-30147000.0,257930000,0.0,257930000,-51924000.0,206006000,0.0,206006000,206006000,DOV,2019-09-30
336327,USD,2019,Q4,2020-02-14,2020-02-14,144967000.0,146827000.0,1775589000.0,-1124274000.0,651315000.0,-403223000.0,-403223000.0,,,248092000.0,-27527000.0,-29418000.0,220565000,-23543000.0,197022000,-28900000.0,168122000,0.0,168122000,168122000,DOV,2019-12-31
336327,USD,2020,Q1,2020-04-21,2021-04-20,144259000.0,145782000.0,1655939000.0,-1043696000.0,612243000.0,-386941000.0,-386941000.0,,,225302000.0,-18353000.0,-26085000.0,206949000,6551000.0,213500000,-37221000.0,176279000,,176279000,176279000,DOV,2020-03-31
