SimFinId,Currency,Fiscal Year,Fiscal Period,Publish Date,Restated Date,Shares (Basic),Shares (Diluted),Revenue,Cost of Revenue,Gross Profit,Operating Expenses,"Selling, General & Administrative",Research & Development,Depreciation & Amortization,Operating Income (Loss),Non-Operating Income (Loss),"Interest Expense, Net","Pretax Income (Loss), Adj.",Abnormal Gains (Losses),Pretax Income (Loss),"Income Tax (Expense) Benefit, Net",Income (Loss) from Continuing Operations,Net Extraordinary Gains (Losses),Net Income,Net Income (Common),Ticker,Report_Date
171506,USD,2010,Q4,2010-10-29,2012-08-29,56493000.0,88957000.0,589948000.0,-315278000.0,274670000.0,-240388000.0,-74079000.0,,-27511000.0,34282000.0,-5348000.0,-8990000.0,28934000,1432000.0,30366000,-15575000.0,18339000,0.0,18339000,18339000,RGS,2010-06-30
171506,USD,2011,Q1,2010-11-09,2011-11-09,56629000.0,67961000.0,578245000.0,-310576000.0,267669000.0,-234235000.0,-74074000.0,,-26044000.0,33434000.0,-8146000.0,-8923000.0,25288000,,25288000,-9647000.0,18320000,,18320000,18320000,RGS,2010-09-30
171506,USD,2011,Q2,2011-02-09,2012-02-06,56684000.0,68136000.0,574372000.0,-313631000.0,260741000.0,-237877000.0,-75848000.0,,-26197000.0,22864000.0,-6134000.0,-8738000.0,16730000,,16730000,-5345000.0,14505000,,14505000,14505000,RGS,2010-12-31
171506,USD,2011,Q3,2011-05-10,2012-05-10,56704000.0,56704000.0,581267000.0,-318442000.0,262825000.0,-248229000.0,-86390000.0,,-26926000.0,14596000.0,-8988000.0,-8337000.0,5608000,-74100000.0,-68492000,44670000.0,-25335000,,-25335000,-25335000,RGS,2011-03-31
171506,USD,2011,Q4,2011-08-26,2013-08-27,56799000.0,34015000.0,446297000.0,-255436000.0,190861000.0,-201937000.0,-49533000.0,,-12984000.0,-11076000.0,-6383000.0,-8376000.0,-17459000,0.0,-17459000,-13345000.0,-28429000,12034000.0,-16395000,-16395000,RGS,2011-06-30
171506,USD,2012,Q1,2011-11-09,2013-01-25,56849000.0,57098000.0,531346000.0,-288688000.0,242658000.0,-233654000.0,-65870000.0,,-30797000.0,9004000.0,-6043000.0,-7360000.0,2961000,,2961000,-1209000.0,5622000,2715000.0,8337000,8337000,RGS,2011-09-30
171506,USD,2012,Q2,2012-02-06,2013-02-04,56857000.0,68417000.0,526138000.0,-288399000.0,237739000.0,-225803000.0,-62642000.0,,-28446000.0,11936000.0,-4552000.0,-7203000.0,7384000,,7384000,-543000.0,11900000,-69327000.0,-57427000,-57427000,RGS,2011-12-31
171506,USD,2012,Q3,2012-05-10,2013-05-07,57053000.0,57053000.0,535901000.0,-296277000.0,239624000.0,-216674000.0,-60256000.0,,-23465000.0,22950000.0,-6669000.0,-6790000.0,16281000,,16281000,-4946000.0,-3878000,2509000.0,-1369000,-1369000,RGS,2012-03-31
171506,USD,2012,Q4,2012-08-29,2014-08-26,57789000.0,45980000.0,528842000.0,-289942000.0,238900000.0,-217273000.0,-60866000.0,,-22262000.0,21627000.0,-5883000.0,-6892000.0,15744000,-67684000.0,-51940000,11128000.0,-65387000,1753000.0,-63634000,-63634000,RGS,2012-06-30
171506,USD,2013,Q1,2013-01-25,2013-11-05,57283000.0,68589000.0,505360000.0,-285660000.0,219700000.0,-210427000.0,-55872000.0,,-20709000.0,9273000.0,27783000.0,-6829000.0,37056000,,37056000,-2986000.0,34647000,3777000.0,38424000,38424000,RGS,2012-09-30
171506,USD,2013,Q2,2013-02-04,2014-02-03,56794000.0,56794000.0,506165000.0,-289329000.0,216836000.0,-208113000.0,-55795000.0,,-21891000.0,8723000.0,-6048000.0,-6649000.0,2675000,0.0,2675000,-1085000.0,-16119000,3853000.0,-12266000,-12266000,RGS,2012-12-31
171506,USD,2013,Q3,2013-05-07,2014-04-30,56345000.0,56500000.0,504937000.0,-287597000.0,217340000.0,-214032000.0,-56800000.0,,-22734000.0,3308000.0,-6418000.0,-6356000.0,-3110000,0.0,-3110000,2850000.0,896000,1465000.0,2361000,2361000,RGS,2013-03-31
171506,USD,2013,Q4,2013-08-27,2015-08-28,56394000.0,45501000.0,502251000.0,-296958000.0,205293000.0,-213238000.0,-58273000.0,,-26421000.0,-7945000.0,-16895000.0,-17110000.0,-24840000,0.0,-24840000,10874000.0,-13946000,15933000.0,1987000,1987000,RGS,2013-06-30
171506,USD,2014,Q1,2013-11-05,2014-11-04,56393000.0,56393000.0,468583000.0,-269039000.0,199544000.0,-198115000.0,-44433000.0,,-23831000.0,1429000.0,-3947000.0,-4491000.0,-2518000,,-2518000,383000.0,-136000,,-136000,-136000,RGS,2013-09-30
171506,USD,2014,Q2,2014-02-03,2015-01-29,56437000.0,56437000.0,468367000.0,-273874000.0,194493000.0,-194214000.0,-40205000.0,,-24641000.0,279000.0,-4827000.0,-5166000.0,-4548000,-34939000.0,-39487000,-72338000.0,-109085000,,-109085000,-109085000,RGS,2013-12-31
171506,USD,2014,Q3,2014-04-30,2015-04-30,56473000.0,56473000.0,471561000.0,-272490000.0,199071000.0,-202292000.0,-43120000.0,,-28343000.0,-3221000.0,-6038000.0,-6299000.0,-9259000,0.0,-9259000,-857000.0,-10093000,609000.0,-9484000,-9484000,RGS,2014-03-31
171506,USD,2014,Q4,2014-09-26,2016-08-23,56625000.0,56625000.0,483926000.0,-278815000.0,205111000.0,-203617000.0,-45035000.0,,-22918000.0,1494000.0,-5526000.0,-6334000.0,-4032000,0.0,-4032000,-143000.0,-20560000,744000.0,-19816000,-19816000,RGS,2014-06-30
171506,USD,2015,Q1,2014-11-04,2015-10-29,55743000.0,55743000.0,464551000.0,-268664000.0,195887000.0,-196641000.0,-45185000.0,,-22188000.0,-754000.0,-3225000.0,-3098000.0,-3979000,,-3979000,-6256000.0,-9843000,,-9843000,-9843000,RGS,2014-09-30
171506,USD,2015,Q2,2015-01-29,2016-01-28,55135000.0,55135000.0,455887000.0,-268049000.0,187838000.0,-188509000.0,-46667000.0,,-19583000.0,-671000.0,-1428000.0,-2472000.0,-2099000,,-2099000,-2592000.0,-16663000,,-16663000,-16663000,RGS,2014-12-31
171506,USD,2015,Q3,2015-04-30,2016-04-28,54837000.0,54837000.0,453960000.0,-261947000.0,192013000.0,-186611000.0,-44082000.0,,-19044000.0,5402000.0,-1883000.0,-2273000.0,3519000,,3519000,-7997000.0,-4763000,,-4763000,-4763000,RGS,2015-03-31
171506,USD,2015,Q4,2015-08-28,2017-08-23,54253000.0,54253000.0,462889000.0,-264615000.0,198274000.0,-198720000.0,-50117000.0,,-22048000.0,-446000.0,-1973000.0,-2363000.0,-2419000,,-2419000,2240000.0,-1943000,-630000.0,-2573000,-2573000,RGS,2015-06-30
171506,USD,2016,Q1,2015-11-02,2016-10-27,52793000.0,52793000.0,450130000.0,-260804000.0,189326000.0,-185050000.0,-44548000.0,,-17855000.0,4276000.0,-1410000.0,-2354000.0,2866000,,2866000,-2816000.0,-808000,,-808000,-808000,RGS,2015-09-30
171506,USD,2016,Q2,2016-01-28,2017-02-03,48050000.0,48050000.0,450467000.0,-267056000.0,183411000.0,-186294000.0,-47400000.0,,-17030000.0,-2883000.0,-1385000.0,-2382000.0,-4268000,,-4268000,4207000.0,-13986000,,-13986000,-13986000,RGS,2015-12-31
171506,USD,2016,Q3,2016-04-28,2017-05-04,46991000.0,46991000.0,442565000.0,-260046000.0,182519000.0,-176898000.0,-42606000.0,,-16992000.0,5621000.0,-1388000.0,-2405000.0,4233000,,4233000,-6317000.0,-2084000,,-2084000,-2084000,RGS,2016-03-31
171506,USD,2016,Q4,2016-08-23,2018-08-23,46334000.0,46334000.0,-51229000.0,48926000.0,-2303000.0,19053000.0,-22458000.0,,-1011000.0,16750000.0,-1333000.0,-2088000.0,15417000,,15417000,-4123000.0,11291000,-5729000.0,5562000,5562000,RGS,2016-06-30
171506,USD,2017,Q1,2016-10-27,2017-10-31,46227000.0,46622000.0,318831000.0,-181612000.0,137219000.0,-126903000.0,-35916000.0,,-12109000.0,10316000.0,-1836000.0,-2163000.0,8480000,,8480000,-2740000.0,5740000,-2459000.0,3281000,3281000,RGS,2016-09-30
171506,USD,2017,Q2,2017-02-03,2018-02-01,46327000.0,46327000.0,315249000.0,-185777000.0,129472000.0,-127070000.0,-36695000.0,,-12646000.0,2402000.0,-701000.0,-2153000.0,1701000,,1701000,-719000.0,982000,-3201000.0,-2219000,-2219000,RGS,2016-12-31
171506,USD,2017,Q3,2017-05-04,2018-05-01,46360000.0,46360000.0,313478000.0,-183997000.0,129481000.0,-135695000.0,-45694000.0,,-13576000.0,-6214000.0,-1768000.0,-2125000.0,-7982000,,-7982000,-3858000.0,-11840000,-6615000.0,-18455000,-18455000,RGS,2017-03-31
171506,USD,2017,Q4,2017-08-23,2018-08-23,46522000.0,46127000.0,320902000.0,-185295000.0,135607000.0,-128030000.0,-39030000.0,,-13757000.0,7577000.0,-1448000.0,-2143000.0,6129000,,6129000,-1907000.0,4222000,-2969000.0,1253000,1253000,RGS,2017-06-30
171506,USD,2018,Q1,2017-10-31,2017-10-31,46677000.0,46900000.0,309873000.0,-169998000.0,139875000.0,-123139000.0,-35165000.0,,-12255000.0,16736000.0,-1111000.0,-2138000.0,15625000,,15625000,-4832000.0,10793000,-33768000.0,-22975000,-22975000,RGS,2017-09-30
171506,USD,2018,Q2,2018-02-01,2018-02-01,46821000.0,47314000.0,308515000.0,-174714000.0,133801000.0,-171135000.0,-48592000.0,,-24951000.0,-37334000.0,193000.0,-2169000.0,-37141000,,-37141000,76462000.0,39321000,-6601000.0,32720000,32720000,RGS,2017-12-31
171506,USD,2018,Q3,2018-05-01,2018-05-01,46612000.0,47153000.0,300801000.0,-169220000.0,131581000.0,-125697000.0,-45727000.0,,-9558000.0,5884000.0,-3310000.0,-5095000.0,2574000,,2574000,2225000.0,4799000,-10605000.0,-5806000,-5806000,RGS,2018-03-31
171506,USD,2018,Q4,2018-08-23,2018-08-23,45958000.0,46773000.0,294885000.0,-157273000.0,137612000.0,-122624000.0,-44561000.0,,-11441000.0,14988000.0,406000.0,-1090000.0,15394000,,15394000,-8421000.0,6973000,-2211000.0,4762000,4762000,RGS,2018-06-30
171506,USD,2019,Q1,2018-10-30,2018-10-30,44730000.0,44730000.0,287835000.0,-153678000.0,134157000.0,-130728000.0,-47727000.0,,-10202000.0,3429000.0,-646000.0,-1006000.0,2783000,-3960000.0,-1177000,714000.0,-463000,-264000.0,-727000,-727000,RGS,2018-09-30
171506,USD,2019,Q2,2019-01-29,2019-01-29,43619000.0,44479000.0,274671000.0,-151281000.0,123390000.0,-124941000.0,-45836000.0,,-8900000.0,-1551000.0,-443000.0,-1072000.0,-1994000,2865000.0,871000,-454000.0,417000,6113000.0,6530000,6530000,RGS,2018-12-31
171506,USD,2019,Q3,2019-04-30,2019-04-30,40314000.0,40314000.0,258343000.0,-142799000.0,115544000.0,-116995000.0,-41694000.0,,-8630000.0,-1451000.0,-890000.0,-1354000.0,-2341000,-9222000.0,-11563000,-3248000.0,-14811000,178000.0,-14633000,-14633000,RGS,2019-03-31
171506,USD,2019,Q4,2019-08-27,2019-08-27,38653000.0,37793000.0,248190000.0,-133885000.0,114305000.0,-115035000.0,-41747000.0,,-10116000.0,-730000.0,-1087000.0,-1363000.0,-1817000,-8581000.0,-10398000,5133000.0,-5265000,-131000.0,-5396000,-5396000,RGS,2019-06-30
171506,USD,2020,Q1,2019-10-29,2019-10-29,36249000.0,36249000.0,247038000.0,-116809000.0,130229000.0,-138635000.0,-40625000.0,,-9380000.0,-8406000.0,-1268000.0,-1439000.0,-9674000,-7360000.0,-17034000,2856000.0,-14178000,373000.0,-13805000,-13805000,RGS,2019-09-30
171506,USD,2020,Q2,2020-02-04,2021-02-03,35798000.0,35798000.0,208765000.0,-94616000.0,114149000.0,-120893000.0,-32691000.0,,-7747000.0,-6744000.0,1405000.0,-1464000.0,-5339000,-13129000.0,-18468000,1948000.0,-16520000,79000.0,-16441000,-16441000,RGS,2019-12-31
171506,USD,2020,Q3,2020-06-18,2021-05-06,35815000.0,35815000.0,153783000.0,-76496000.0,77287000.0,-96376000.0,-31871000.0,,-10359000.0,-19089000.0,-1564000.0,-1712000.0,-20653000,-48168000.0,-68821000,979000.0,-67842000,301000.0,-67541000,-67541000,RGS,2020-03-31
