SimFinId,Currency,Fiscal Year,Fiscal Period,Publish Date,Restated Date,Shares (Basic),Shares (Diluted),Revenue,Cost of Revenue,Gross Profit,Operating Expenses,"Selling, General & Administrative",Research & Development,Depreciation & Amortization,Operating Income (Loss),Non-Operating Income (Loss),"Interest Expense, Net","Pretax Income (Loss), Adj.",Abnormal Gains (Losses),Pretax Income (Loss),"Income Tax (Expense) Benefit, Net",Income (Loss) from Continuing Operations,Net Extraordinary Gains (Losses),Net Income,Net Income (Common),Ticker,Report_Date
706846,USD,2013,Q4,2014-02-07,2016-02-29,120500000.0,121600000.0,343900000.0,-182400000.0,161500000.0,-102300000.0,-53000000.0,,-49300000.0,59200000.0,-1200000.0,0.0,58000000,17500000.0,75500000,-26100000.0,50000000,,50000000,50000000,OUT,2013-12-31
706846,USD,2014,Q1,2014-05-08,2015-05-07,97000000.0,97000000.0,287900000.0,-163500000.0,124400000.0,-98600000.0,-50600000.0,,-48000000.0,25800000.0,-13000000.0,-12500000.0,12800000,900000.0,13700000,-5900000.0,8400000,,8400000,8400000,OUT,2014-03-31
706846,USD,2014,Q2,2014-08-07,2015-08-12,119700000.0,119900000.0,334400000.0,-171600000.0,162800000.0,-104500000.0,-55400000.0,,-49100000.0,58300000.0,-18500000.0,-18500000.0,39800000,0.0,39800000,-17600000.0,22400000,,22400000,22400000,OUT,2014-06-30
706846,USD,2014,Q3,2014-11-07,2015-11-05,120000000.0,120700000.0,336500000.0,-177200000.0,159300000.0,-104600000.0,-55100000.0,,-49500000.0,54700000.0,-26300000.0,-26300000.0,28400000,-7100000.0,21300000,226400000.0,248300000,,248300000,248300000,OUT,2014-09-30
706846,USD,2014,Q4,2015-03-06,2017-02-23,120500000.0,121600000.0,395000000.0,-214200000.0,180800000.0,-118800000.0,-63200000.0,,-55600000.0,62000000.0,-27300000.0,-27500000.0,34700000,-11500000.0,23200000,3100000.0,27800000,,27800000,27800000,OUT,2014-12-31
706846,USD,2015,Q1,2015-05-07,2016-05-06,136900000.0,137600000.0,343900000.0,-198800000.0,145100000.0,-118200000.0,-61700000.0,,-56500000.0,26900000.0,-27700000.0,-27800000.0,-800000,-300000.0,-1100000,1400000.0,1100000,,1100000,1100000,OUT,2015-03-31
706846,USD,2015,Q2,2015-08-12,2016-08-05,137400000.0,137800000.0,384700000.0,-206400000.0,178300000.0,-120800000.0,-63600000.0,,-57200000.0,57500000.0,-29000000.0,-28900000.0,28500000,-2900000.0,25600000,-4500000.0,22200000,,22200000,22200000,OUT,2015-06-30
706846,USD,2015,Q3,2015-11-05,2016-11-08,137500000.0,137900000.0,386700000.0,-209300000.0,177400000.0,-124700000.0,-67200000.0,,-57500000.0,52700000.0,-29300000.0,-28900000.0,23400000,0.0,23400000,-3900000.0,21200000,,21200000,21200000,OUT,2015-09-30
706846,USD,2015,Q4,2016-02-29,2018-02-28,137400000.0,135900000.0,398500000.0,-218600000.0,179900000.0,-123700000.0,-65800000.0,,-57900000.0,56200000.0,-29200000.0,-29200000.0,27000000,-103700000.0,-76700000,1600000.0,-73900000,,-73900000,-73900000,OUT,2015-12-31
706846,USD,2016,Q1,2016-05-06,2017-05-04,137600000.0,137600000.0,348400000.0,-199800000.0,148600000.0,-122700000.0,-65300000.0,,-57400000.0,25900000.0,-28800000.0,-28600000.0,-2900000,-1700000.0,-4600000,1300000.0,-2300000,,-2300000,-2300000,OUT,2016-03-31
706846,USD,2016,Q2,2016-08-05,2017-08-04,137900000.0,138300000.0,385300000.0,-201600000.0,183700000.0,-124100000.0,-65200000.0,,-58900000.0,59600000.0,-28500000.0,-28700000.0,31100000,-600000.0,30500000,-3400000.0,28500000,,28500000,28500000,OUT,2016-06-30
706846,USD,2016,Q3,2016-11-08,2017-11-07,138000000.0,138500000.0,382800000.0,-201500000.0,181300000.0,-120100000.0,-65100000.0,,-55000000.0,61200000.0,-28300000.0,-28300000.0,32900000,2300000.0,35200000,1500000.0,38100000,,38100000,38100000,OUT,2016-09-30
706846,USD,2016,Q4,2017-02-23,2019-02-27,138100000.0,139200000.0,397400000.0,-215200000.0,182200000.0,-122100000.0,-69200000.0,,-52900000.0,60100000.0,-28300000.0,-28200000.0,31800000,-1900000.0,29900000,-4800000.0,26600000,,26600000,26600000,OUT,2016-12-31
706846,USD,2017,Q1,2017-05-04,2018-05-03,138300000.0,138900000.0,330600000.0,-191900000.0,138700000.0,-110500000.0,-63900000.0,,-46600000.0,28200000.0,-28100000.0,-28100000.0,100000,-2200000.0,-2100000,3700000.0,2500000,,2500000,2500000,OUT,2017-03-31
706846,USD,2017,Q2,2017-08-04,2018-08-09,138600000.0,139300000.0,396200000.0,-213300000.0,182900000.0,-114900000.0,-66400000.0,,-48500000.0,68000000.0,-28500000.0,-28600000.0,39500000,-3000000.0,36500000,-900000.0,37100000,,37100000,37100000,OUT,2017-06-30
706846,USD,2017,Q3,2017-11-07,2018-11-06,138600000.0,140900000.0,392400000.0,-212600000.0,179800000.0,-112000000.0,-64200000.0,,-47800000.0,67800000.0,-29000000.0,-29200000.0,38800000,12500000.0,51300000,-2000000.0,50700000,,50700000,50700000,OUT,2017-09-30
706846,USD,2017,Q4,2018-02-28,2019-02-27,138500000.0,136500000.0,401300000.0,-217400000.0,183900000.0,-114100000.0,-67200000.0,,-46900000.0,69800000.0,-31000000.0,-31000000.0,38800000,600000.0,39400000,-4900000.0,35500000,,35500000,35500000,OUT,2017-12-31
706846,USD,2018,Q1,2018-05-03,2019-05-08,138800000.0,139100000.0,337900000.0,-197100000.0,140800000.0,-108200000.0,-64600000.0,,-43600000.0,32600000.0,-30100000.0,-30000000.0,2500000,-900000.0,1600000,6700000.0,9100000,,9100000,9100000,OUT,2018-03-31
706846,USD,2018,Q2,2018-08-09,2018-08-09,139200000.0,139200000.0,401700000.0,-212000000.0,189700000.0,-116400000.0,-70100000.0,,-46300000.0,73300000.0,-31200000.0,-31000000.0,42100000,-40400000.0,1700000,-8100000.0,-5200000,,-5200000,-5200000,OUT,2018-06-30
706846,USD,2018,Q3,2018-11-06,2018-11-06,139300000.0,141500000.0,414200000.0,-215300000.0,198900000.0,-121200000.0,-74400000.0,,-46800000.0,77700000.0,-31800000.0,-32000000.0,45900000,1200000.0,47100000,-1000000.0,46800000,,46800000,46800000,OUT,2018-09-30
706846,USD,2018,Q4,2019-02-27,2021-02-26,139900000.0,138600000.0,452400000.0,-235500000.0,216900000.0,-126200000.0,-121100000.0,,-5100000.0,90700000.0,-33000000.0,-32700000.0,57700000,600000.0,58300000,-2500000.0,57199999,,57199999,57199999,OUT,2018-12-31
706846,USD,2019,Q1,2019-05-08,2019-05-08,140700000.0,141100000.0,371700000.0,-216900000.0,154800000.0,-119100000.0,-73300000.0,,-45800000.0,35700000.0,-32600000.0,-32700000.0,3100000,1200000.0,4300000,1000000.0,6100000,,6100000,6100000,OUT,2019-03-31
706846,USD,2019,Q2,2019-08-06,2019-08-06,142300000.0,142900000.0,459900000.0,-240300000.0,219600000.0,-130500000.0,-81500000.0,,-49000000.0,89100000.0,-33900000.0,-33900000.0,55200000,-400000.0,54800000,-6200000.0,50300000,,50300000,50300000,OUT,2019-06-30
706846,USD,2019,Q3,2019-11-05,2019-11-05,143400000.0,144200000.0,462500000.0,-245500000.0,217000000.0,-133400000.0,-82300000.0,,-51100000.0,83600000.0,-33900000.0,-33900000.0,49700000,-9100000.0,40600000,-3300000.0,38700000,,38700000,38700000,OUT,2019-09-30
706846,USD,2019,Q4,2020-02-26,2020-02-26,143600000.0,144600000.0,488100000.0,-255900000.0,232200000.0,-135000000.0,-134600000.0,,-400000.0,97200000.0,-34400000.0,-34400000.0,62800000,-16700000.0,46100000,-2400000.0,45500000,,45000000,45000000,OUT,2019-12-31
706846,USD,2020,Q1,2020-05-08,2021-05-05,143900000.0,144700000.0,385300000.0,-224800000.0,160500000.0,-126800000.0,-90800000.0,,-36000000.0,33700000.0,-29600000.0,-29800000.0,4100000,100000.0,4200000,1700000.0,6300000,,6100000,6100000,OUT,2020-03-31
