SimFinId,Currency,Fiscal Year,Fiscal Period,Publish Date,Restated Date,Shares (Basic),Shares (Diluted),Revenue,Cost of Revenue,Gross Profit,Operating Expenses,"Selling, General & Administrative",Research & Development,Depreciation & Amortization,Operating Income (Loss),Non-Operating Income (Loss),"Interest Expense, Net","Pretax Income (Loss), Adj.",Abnormal Gains (Losses),Pretax Income (Loss),"Income Tax (Expense) Benefit, Net",Income (Loss) from Continuing Operations,Net Extraordinary Gains (Losses),Net Income,Net Income (Common),Ticker,Report_Date
447656,USD,2010,Q2,2010-07-30,2011-08-04,103527014.0,139944310.0,443153000.0,-24118000.0,419035000.0,-351984000.0,-10996000.0,,,67051000.0,,,67051000,,67051000,-13523000.0,53528000,,44572000,44572000,LAZ,2010-06-30
447656,USD,2010,Q3,2010-10-29,2011-11-02,111059071.0,138094101.0,477310000.0,-24073000.0,453237000.0,-373770000.0,-12037000.0,,,79467000.0,,,79467000,,79467000,-9113000.0,70354000,,64091000,64091000,LAZ,2010-09-30
447656,USD,2010,Q4,2011-02-28,2013-02-28,113322790.0,186104068.0,618806000.0,-23921000.0,594885000.0,-463272000.0,-13167000.0,,,131613000.0,,,131613000,,131613000,-20178000.0,111435000,,99850000,99850000,LAZ,2010-12-31
447656,USD,2011,Q1,2011-04-29,2012-05-03,115334754.0,138590593.0,461341000.0,-23318000.0,438023000.0,-364577000.0,-13251000.0,,,73446000.0,,,73446000,,73446000,-13463000.0,59983000,,55007000,55007000,LAZ,2011-03-31
447656,USD,2011,Q2,2011-08-04,2012-08-01,119107386.0,139347933.0,500605000.0,-23313000.0,477292000.0,-388090000.0,-13507000.0,,,89202000.0,,,89202000,,89202000,-17636000.0,71566000,,62004000,62004000,LAZ,2011-06-30
447656,USD,2011,Q3,2011-11-02,2012-11-01,118315944.0,136857956.0,484583000.0,-22164000.0,462419000.0,-374681000.0,-14019000.0,,,87738000.0,,,87738000,,87738000,-20605000.0,67133000,,62699000,62699000,LAZ,2011-09-30
447656,USD,2011,Q4,2012-02-29,2014-02-27,119369996.0,135721618.0,473109000.0,-21331000.0,451778000.0,-466665000.0,-12016000.0,,,-14887000.0,,,-14887000,,-14887000,6764000.0,-8123000,,-4793000,-4793000,LAZ,2011-12-31
447656,USD,2012,Q1,2012-05-03,2013-05-01,119229541.0,136594178.0,506461000.0,-20422000.0,486039000.0,-448216000.0,-13451000.0,,,37823000.0,,,37823000,,37823000,-8767000.0,29056000,,25552000,25552000,LAZ,2012-03-31
447656,USD,2012,Q2,2012-08-01,2013-07-30,118235320.0,134636935.0,457231000.0,-20321000.0,436910000.0,-392377000.0,-12670000.0,,,44533000.0,,,44533000,,44533000,-10371000.0,34162000,,30821000,30821000,LAZ,2012-06-30
447656,USD,2012,Q3,2012-11-01,2013-10-29,115603351.0,135380036.0,449464000.0,-20658000.0,428806000.0,-382080000.0,-13179000.0,,,46726000.0,,,46726000,,46726000,-13053000.0,33673000,,33301000,33301000,LAZ,2012-09-30
447656,USD,2012,Q4,2013-02-28,2015-02-27,114747744.0,110691339.0,580857000.0,-20164000.0,560693000.0,-565890000.0,-12090000.0,,,-5197000.0,,,-5197000,,-5197000,1091000.0,-4106000,,-5365000,-5365000,LAZ,2012-12-31
447656,USD,2013,Q1,2013-05-01,2014-05-06,117708204.0,132815560.0,422058000.0,-20155000.0,401903000.0,-380306000.0,-13465000.0,,,21597000.0,,,21597000,,21597000,-3948000.0,17649000,,15360000,15360000,LAZ,2013-03-31
447656,USD,2013,Q2,2013-07-30,2014-07-28,121759982.0,132464296.0,510716000.0,-20311000.0,490405000.0,-449467000.0,-15388000.0,,,40938000.0,,,40938000,,40938000,-9017000.0,31921000,,31353000,31353000,LAZ,2013-06-30
447656,USD,2013,Q3,2013-10-29,2014-10-28,122199954.0,134242144.0,500523000.0,-20169000.0,480354000.0,-399236000.0,-14475000.0,,,81118000.0,,,81118000,,81118000,-18370000.0,62748000,,60282000,60282000,LAZ,2013-09-30
447656,USD,2013,Q4,2014-02-27,2016-02-25,121748928.0,135426316.0,631436000.0,-18746000.0,612690000.0,-539536000.0,-15970000.0,,,73154000.0,,,73154000,,73154000,-20358000.0,52796000,,53217000,53217000,LAZ,2013-12-31
447656,USD,2014,Q1,2014-05-06,2015-04-28,121776207.0,134025991.0,549353000.0,-15953000.0,533400000.0,-426220000.0,-15454000.0,,,107180000.0,,,107180000,,107180000,-21751000.0,85429000,,80842000,80842000,LAZ,2014-03-31
447656,USD,2014,Q2,2014-07-28,2015-07-27,123116776.0,133575652.0,582605000.0,-15709000.0,566896000.0,-467916000.0,-16002000.0,,,98980000.0,,,98980000,,98980000,-13071000.0,85909000,,85192000,85192000,LAZ,2014-06-30
447656,USD,2014,Q3,2014-10-28,2015-10-28,122206914.0,133566684.0,581723000.0,-15512000.0,566211000.0,-452499000.0,-17034000.0,,,113712000.0,,,113712000,,113712000,-23792000.0,89920000,,88859000,88859000,LAZ,2014-09-30
447656,USD,2014,Q4,2015-02-27,2017-02-24,122307447.0,134084165.0,649336000.0,-15396000.0,633940000.0,-434347000.0,-16967000.0,,,199593000.0,,,199593000,,199593000,-26788000.0,172805000,,172384000,172384000,LAZ,2014-12-31
447656,USD,2015,Q1,2015-04-28,2016-04-27,123655689.0,133735946.0,593885000.0,-16136000.0,577749000.0,-503086000.0,-16148000.0,,,74663000.0,,,74663000,,74663000,-12017000.0,62646000,,55953000,55953000,LAZ,2015-03-31
447656,USD,2015,Q2,2015-07-27,2016-08-01,126212645.0,132806045.0,620589000.0,-11497000.0,609092000.0,-1410468000.0,-17493000.0,,,-801376000.0,,,-801376000,,-801376000,1176531000.0,375155000,,374113000,374113000,LAZ,2015-06-30
447656,USD,2015,Q3,2015-10-28,2016-10-28,125925006.0,133115419.0,585316000.0,-11798000.0,573518000.0,-2774000.0,-14367000.0,,,570744000.0,,,570744000,,570744000,-170954000.0,399790000,,398521000,398521000,LAZ,2015-09-30
447656,USD,2015,Q4,2016-02-25,2017-02-24,125671748.0,133320774.0,604977000.0,-11728000.0,593249000.0,-453900000.0,-13355000.0,,,139349000.0,,,139349000,,139349000,15992000.0,155341000,,157786000,157786000,LAZ,2015-12-31
447656,USD,2016,Q1,2016-04-27,2017-05-01,126040441.0,132891284.0,510116000.0,-11898000.0,498218000.0,-399841000.0,-13435000.0,,,98377000.0,,,98377000,,98377000,-27654000.0,70723000,,66823000,66823000,LAZ,2016-03-31
447656,USD,2016,Q2,2016-08-01,2017-08-01,125461948.0,132341522.0,546642000.0,-11962000.0,534680000.0,-421444000.0,-15895000.0,,,113236000.0,,,113236000,,113236000,-31872000.0,81364000,,80357000,80357000,LAZ,2016-06-30
447656,USD,2016,Q3,2016-10-28,2017-10-31,124408884.0,132320855.0,621102000.0,-12194000.0,608908000.0,-459916000.0,-17097000.0,,,148992000.0,,,148992000,,148992000,-36374000.0,112618000,,112536000,112536000,LAZ,2016-09-30
447656,USD,2016,Q4,2017-02-24,2017-02-24,123170331.0,132980859.0,705803000.0,-14238000.0,691565000.0,-534709000.0,-16994000.0,,,156856000.0,,,156856000,,156856000,-27869000.0,128987000,,127982000,127982000,LAZ,2016-12-31
447656,USD,2017,Q1,2017-05-01,2017-05-01,122815163.0,132689375.0,637420000.0,-13956000.0,623464000.0,-473267000.0,-15913000.0,,,150197000.0,,,150197000,,150197000,-39767000.0,110430000,,107553000,107553000,LAZ,2017-03-31
447656,USD,2017,Q2,2017-08-01,2017-08-01,122368150.0,132139616.0,729946000.0,-12766000.0,717180000.0,-544679000.0,-18338000.0,,,172501000.0,,,172501000,,172501000,-51600000.0,120901000,,120378000,120378000,LAZ,2017-06-30
447656,USD,2017,Q3,2017-10-31,2017-10-31,121243598.0,132393664.0,638131000.0,-13272000.0,624859000.0,-480647000.0,-18325000.0,,,144212000.0,,,144212000,,144212000,-32742000.0,111470000,,109210000,109210000,LAZ,2017-09-30
447656,USD,2017,Q4,2018-02-27,2018-02-27,119866857.0,132696257.0,692332000.0,-13524000.0,678808000.0,-320272000.0,-18729000.0,,,358536000.0,,,358536000,,358536000,-441490000.0,-82954000,,-83558000,-83558000,LAZ,2017-12-31
447656,USD,2018,Q1,2018-04-30,2018-04-30,119930106.0,132142394.0,768205000.0,-13507000.0,754698000.0,-568870000.0,-35184000.0,,,185828000.0,,,185828000,,185828000,-24167000.0,161661000,,159692000,159692000,LAZ,2018-03-31
447656,USD,2018,Q2,2018-07-31,2018-07-31,120306257.0,130249054.0,771528000.0,-13590000.0,757938000.0,-557998000.0,-33227000.0,,,199940000.0,,,199940000,,199940000,-51561000.0,148379000,,146963000,146963000,LAZ,2018-06-30
447656,USD,2018,Q3,2018-10-29,2018-10-29,119456516.0,129859728.0,640800000.0,-14319000.0,626481000.0,-487800000.0,-34748000.0,,,138681000.0,,,138681000,,138681000,-29956000.0,108725000,,107074000,107074000,LAZ,2018-09-30
447656,USD,2018,Q4,2019-02-26,2019-02-26,116333245.0,126819192.0,704300000.0,-17065000.0,687235000.0,-530918000.0,-138449000.0,,,156317000.0,,,156317000,,156317000,-42633000.0,113684000,,113396000,113396000,LAZ,2018-12-31
447656,USD,2019,Q1,2019-04-30,2019-04-30,111944255.0,120820084.0,661678000.0,-18004000.0,643674000.0,-524011000.0,-28930000.0,,,119663000.0,,,119663000,,119663000,-23187000.0,96476000,,97042000,97042000,LAZ,2019-03-31
447656,USD,2019,Q2,2019-07-29,2019-07-29,111981204.0,116175349.0,650801000.0,-20111000.0,630690000.0,-529005000.0,-28493000.0,,,101685000.0,,,101685000,,101685000,-28172000.0,73513000,,65777000,65777000,LAZ,2019-06-30
447656,USD,2019,Q3,2019-11-05,2019-11-05,109285727.0,113881690.0,611073000.0,-20005000.0,591068000.0,-538695000.0,-28425000.0,,,52373000.0,,,52373000,,52373000,-4177000.0,48196000,,46704000,46704000,LAZ,2019-09-30
447656,USD,2019,Q4,2020-02-25,2020-02-25,107548262.0,113442101.0,743406000.0,-22065000.0,721341000.0,-602364000.0,-143234000.0,,,118977000.0,,,118977000,,118977000,-39446000.0,79531000,,76977000,76977000,LAZ,2019-12-31
447656,USD,2020,Q1,2020-05-04,2021-05-04,106303962.0,114120179.0,558157000.0,-20143000.0,538014000.0,-453917000.0,-46576000.0,,,84097000.0,,,84097000,,84097000,-25766000.0,58331000,,64022000,64022000,LAZ,2020-03-31
