SimFinId,Currency,Fiscal Year,Fiscal Period,Publish Date,Restated Date,Shares (Basic),Shares (Diluted),Revenue,Cost of Revenue,Gross Profit,Operating Expenses,"Selling, General & Administrative",Research & Development,Depreciation & Amortization,Operating Income (Loss),Non-Operating Income (Loss),"Interest Expense, Net","Pretax Income (Loss), Adj.",Abnormal Gains (Losses),Pretax Income (Loss),"Income Tax (Expense) Benefit, Net",Income (Loss) from Continuing Operations,Net Extraordinary Gains (Losses),Net Income,Net Income (Common),Ticker,Report_Date
546550,USD,2011,Q2,2011-07-27,2012-07-31,25794968.0,25794968.0,0.0,,0.0,-20536000.0,-13038000.0,,-179000.0,-20536000.0,1058000.0,1058000.0,-19478000,,-19478000,,-19478000,,-19478000,-19478000,CIE,2011-06-30
546550,USD,2011,Q3,2011-11-01,2012-10-30,25801351.0,25801351.0,,,,-48242000.0,-11459000.0,,-186000.0,-48242000.0,1255000.0,1255000.0,-46987000,,-46987000,,-46987000,,-46987000,-46987000,CIE,2011-09-30
546550,USD,2011,Q4,2012-02-21,2014-02-27,25479902.0,25479902.0,0.0,,0.0,-52303000.0,-23015000.0,,-187000.0,-52303000.0,1189000.0,1189000.0,-51114000,,-51114000,0.0,-51114000,,-51114000,-51114000,CIE,2011-12-31
546550,USD,2012,Q1,2012-05-01,2013-04-30,26283698.0,26283698.0,,,,-37715000.0,-14840000.0,,-201000.0,-37715000.0,1184000.0,1184000.0,-36531000,,-36531000,,-36531000,,-36531000,-36531000,CIE,2012-03-31
546550,USD,2012,Q2,2012-07-31,2013-07-30,27088393.0,27088393.0,,,,-142155000.0,-18482000.0,,-312000.0,-142155000.0,1432000.0,1432000.0,-140723000,,-140723000,,-140723000,,-140723000,-140723000,CIE,2012-06-30
546550,USD,2012,Q3,2012-10-30,2013-10-29,27116460.0,27116460.0,,,,-40553000.0,-18916000.0,,-269000.0,-40553000.0,1339000.0,1339000.0,-39214000,,-39214000,,-39214000,,-39214000,-39214000,CIE,2012-09-30
546550,USD,2012,Q4,2013-02-26,2015-02-23,27126877.0,27126877.0,0.0,,0.0,-64405000.0,-35725000.0,,-415000.0,-64405000.0,-2126000.0,-2126000.0,-66531000,,-66531000,0.0,-66531000,,-66531000,-66531000,CIE,2012-12-31
546550,USD,2013,Q1,2013-04-30,2014-05-01,27123680.0,27123680.0,,,,-112452000.0,-21507000.0,,-459000.0,-112452000.0,-17132000.0,-17132000.0,-129584000,1497000.0,-128087000,,-128087000,,-128087000,-128087000,CIE,2013-03-31
546550,USD,2013,Q2,2013-07-30,2014-08-06,27141335.0,27141335.0,,,,-65365000.0,-24652000.0,,-447000.0,-65365000.0,-14949000.0,-14949000.0,-80314000,1496000.0,-78818000,,-78818000,,-78818000,-78818000,CIE,2013-06-30
546550,USD,2013,Q3,2013-10-29,2014-11-04,27142991.0,27142991.0,,,,-145663000.0,-22347000.0,,-440000.0,-145663000.0,-14337000.0,-14337000.0,-160000000,,-160000000,,-160000000,,-160000000,-160000000,CIE,2013-09-30
546550,USD,2013,Q4,2014-02-27,2016-02-22,27136906.0,27136906.0,0.0,,0.0,-24695000.0,-4389000.0,,18000.0,-24695000.0,-12915000.0,-12915000.0,-37610000,3000.0,-37607000,0.0,-37607000,-184512000.0,-222119000,-222119000,CIE,2013-12-31
546550,USD,2014,Q1,2014-05-01,2015-05-05,27146981.0,27146981.0,,,,-47293000.0,-24169000.0,,-1107000.0,-47293000.0,-9622000.0,-9622000.0,-56915000,,-56915000,,-56915000,,-56915000,-56915000,CIE,2014-03-31
546550,USD,2014,Q2,2014-08-06,2015-08-04,27152826.0,27152826.0,,,,-77591000.0,-22093000.0,,-1075000.0,-77591000.0,-17165000.0,-17165000.0,-94756000,,-94756000,,-94756000,,-94756000,-94756000,CIE,2014-06-30
546550,USD,2014,Q3,2014-11-04,2015-11-03,27153271.0,27153271.0,,,,-45508000.0,-17818000.0,,-410000.0,-45508000.0,-21568000.0,-21568000.0,-67076000,,-67076000,,-67076000,-75453000.0,-142529000,-142529000,CIE,2014-09-30
546550,USD,2014,Q4,2015-02-23,2017-03-14,27165471.0,27165471.0,,,,-271549000.0,-50780000.0,,-1992000.0,-271549000.0,-20467000.0,-20455000.0,-292016000,,-292016000,,-292016000,75453000.0,-216563000,-216563000,CIE,2014-12-31
546550,USD,2015,Q1,2015-05-05,2016-05-03,27247494.0,27247494.0,,,,-52106000.0,-17730000.0,,-412000.0,-52106000.0,-18360000.0,-18360000.0,-70466000,,-70466000,,-70466000,-11151000.0,-81617000,-81617000,CIE,2015-03-31
546550,USD,2015,Q2,2015-08-04,2016-08-02,27248407.0,27248407.0,,,,-39604000.0,-20437000.0,,-367000.0,-39604000.0,-16390000.0,-16390000.0,-55994000,2625000.0,-53369000,,-53369000,-13441000.0,-66810000,-66810000,CIE,2015-06-30
546550,USD,2015,Q3,2015-11-03,2016-11-04,27249951.0,27249951.0,,,,-36466000.0,-14848000.0,,-346000.0,-36466000.0,-13228000.0,-13228000.0,-49694000,7000.0,-49687000,,-49687000,-9477000.0,-59164000,-59164000,CIE,2015-09-30
546550,USD,2015,Q4,2016-02-22,2017-03-14,27251286.0,27251286.0,,,,-510417000.0,-57619000.0,,-2756000.0,-510417000.0,-7756000.0,-9311000.0,-518173000,-2731000.0,-520904000,,-520904000,34069000.0,-486835000,-486835000,CIE,2015-12-31
546550,USD,2016,Q1,2016-05-03,2017-05-08,27297642.0,27297642.0,1636000.0,,1636000.0,-37264000.0,-28456000.0,,-3170000.0,-35628000.0,-9929000.0,-14304000.0,-45557000,-1058000.0,-46615000,,-46615000,,-46615000,-46615000,CIE,2016-03-31
546550,USD,2016,Q2,2016-08-02,2017-08-08,27338000.0,27338000.0,3173000.0,,3173000.0,-192395000.0,-22864000.0,,-4289000.0,-189222000.0,-14521000.0,-14521000.0,-203743000,-1804000.0,-205547000,,-205547000,,-205547000,-205547000,CIE,2016-06-30
546550,USD,2016,Q3,2016-11-04,2017-11-02,27359000.0,27359000.0,4228000.0,,4228000.0,-110008000.0,-31251000.0,,-7183000.0,-105780000.0,-14044000.0,-14044000.0,-119824000,-98383000.0,-218207000,,-218207000,,-218207000,-218207000,CIE,2016-09-30
546550,USD,2016,Q4,2017-03-14,2018-03-02,27948302.0,27948302.0,7768000.0,,7768000.0,-1835526000.0,-45289000.0,,-7341000.0,-1827758000.0,-39890000.0,-35515000.0,-1867648000,-5292000.0,-1872940000,,-1872940000,,-1872940000,-1872940000,CIE,2016-12-31
546550,USD,2017,Q1,2017-05-08,2017-05-08,29467526.0,29467526.0,9867000.0,,9867000.0,-271929000.0,-18926000.0,,-8879000.0,-262062000.0,-41205000.0,-43050000.0,-303267000,-2988000.0,-306255000,,-306255000,,-306255000,-306255000,CIE,2017-03-31
546550,USD,2017,Q2,2017-08-08,2017-08-08,29526000.0,29526000.0,13749000.0,,13749000.0,-94341000.0,-27698000.0,,-10093000.0,-80592000.0,-29208000.0,-39970000.0,-109800000,-75768000.0,-185568000,,-185568000,,-185568000,-185568000,CIE,2017-06-30
546550,USD,2017,Q3,2017-11-02,2017-11-02,29606000.0,29606000.0,14427000.0,,14427000.0,-87939000.0,-19934000.0,,-10500000.0,-73512000.0,-40508000.0,-40677000.0,-114020000,-35598000.0,-149618000,,-149618000,,-149618000,-149618000,CIE,2017-09-30
