SimFinId,Currency,Fiscal Year,Fiscal Period,Publish Date,Restated Date,Shares (Basic),Shares (Diluted),Revenue,Cost of Revenue,Gross Profit,Operating Expenses,"Selling, General & Administrative",Research & Development,Depreciation & Amortization,Operating Income (Loss),Non-Operating Income (Loss),"Interest Expense, Net","Pretax Income (Loss), Adj.",Abnormal Gains (Losses),Pretax Income (Loss),"Income Tax (Expense) Benefit, Net",Income (Loss) from Continuing Operations,Net Extraordinary Gains (Losses),Net Income,Net Income (Common),Ticker,Report_Date
75409,USD,2015,Q1,2014-09-10,2015-09-10,37437000.0,37437000.0,225741000.0,-178431000.0,47310000.0,-93816000.0,-81272000.0,,-12544000.0,-46506000.0,-5000.0,-5000.0,-46511000,,-46511000,20298000.0,-26213000,,-26213000,-26213000,BNED,2014-07-31
75409,USD,2015,Q2,2014-12-09,2015-12-09,37505000.0,37544000.0,751702000.0,-578191000.0,173511000.0,-108095000.0,-95587000.0,,-12508000.0,65416000.0,-14000.0,-14000.0,65402000,,65402000,-28451000.0,36951000,,36951000,36951000,BNED,2014-10-31
75409,USD,2015,Q3,2015-03-10,2016-03-09,38924000.0,38970000.0,521554000.0,-399932000.0,121622000.0,-107277000.0,-94694000.0,,-12583000.0,14345000.0,-30000.0,-30000.0,14315000,0.0,14315000,-5665000.0,8650000,,8650000,8650000,BNED,2015-01-31
75409,USD,2015,Q4,2015-06-10,2017-07-12,39942000.0,40021000.0,274001000.0,-172871000.0,101130000.0,-100825000.0,-87951000.0,,-12874000.0,305000.0,-161000.0,-161000.0,144000,0.0,144000,-400000.0,-256000,,-256000,-256000,BNED,2015-04-30
75409,USD,2016,Q1,2015-09-10,2016-09-08,41426000.0,41426000.0,238983000.0,-187439000.0,51544000.0,-99784000.0,-86684000.0,,-13100000.0,-48240000.0,-3000.0,-3000.0,-48243000,0.0,-48243000,21325000.0,-26918000,,-26918000,-26918000,BNED,2015-07-31
75409,USD,2016,Q2,2015-12-09,2016-12-06,48207000.0,48562000.0,755864000.0,-580743000.0,175121000.0,-115608000.0,-102439000.0,,-13169000.0,59513000.0,-554000.0,-554000.0,58959000,0.0,58959000,-25558000.0,33401000,,33401000,33401000,BNED,2015-10-31
75409,USD,2016,Q3,2016-03-09,2017-02-28,48088000.0,48088000.0,518423000.0,-397783000.0,120640000.0,-110317000.0,-96453000.0,,-13081000.0,10323000.0,-711000.0,-711000.0,9612000,-12761000.0,-3149000,-454000.0,-3603000,,-3603000,-3603000,BNED,2016-01-31
75409,USD,2016,Q4,2016-06-29,2018-06-20,47231000.0,47840000.0,294759000.0,-187365000.0,107394000.0,-103550000.0,-88595000.0,,-13340000.0,3844000.0,-604000.0,-604000.0,3240000,-8056000.0,-4816000,2020000.0,-2796000,,-2796000,-2796000,BNED,2016-04-30
75409,USD,2017,Q1,2016-09-08,2017-08-30,46349000.0,46349000.0,239237000.0,-191824000.0,47413000.0,-98385000.0,-83937000.0,,-12921000.0,-50972000.0,-666000.0,-666000.0,-51638000,-1790000.0,-53428000,25512000.0,-27916000,,-27916000,-27916000,BNED,2016-07-31
75409,USD,2017,Q2,2016-12-06,2017-12-05,46170000.0,46593000.0,770671000.0,-599157000.0,171514000.0,-114754000.0,-101123000.0,,-12987000.0,56760000.0,-630000.0,-630000.0,56130000,0.0,56130000,-26841000.0,29289000,,29289000,29289000,BNED,2016-10-31
75409,USD,2017,Q3,2017-02-28,2018-03-01,46276000.0,46844000.0,521624000.0,-405699000.0,115925000.0,-110727000.0,-97111000.0,,-13149000.0,5198000.0,-679000.0,-679000.0,4519000,0.0,4519000,-758000.0,3761000,,3761000,3761000,BNED,2017-01-31
75409,USD,2017,Q4,2017-07-12,2019-06-25,46473000.0,47266000.0,342830000.0,-218621000.0,124209000.0,-119850000.0,-98622000.0,,-14261000.0,4359000.0,-1489000.0,-1489000.0,2870000,0.0,2870000,-2643000.0,227000,,227000,227000,BNED,2017-04-30
75409,USD,2018,Q1,2017-08-30,2018-08-22,46517000.0,46517000.0,355711000.0,-290511000.0,65200000.0,-115503000.0,-99897000.0,,-15017000.0,-50303000.0,-3038000.0,-3038000.0,-53341000,-5236000.0,-58577000,23794000.0,-34783000,,-34783000,-34783000,BNED,2017-07-31
75409,USD,2018,Q2,2017-12-05,2018-12-04,46705000.0,47006000.0,886861000.0,-670161000.0,216700000.0,-133251000.0,-115290000.0,,-16704000.0,83449000.0,-1836000.0,-1836000.0,81613000,-193000.0,81420000,-33025000.0,48395000,,48395000,48395000,BNED,2017-10-31
75409,USD,2018,Q3,2018-03-01,2019-03-05,46914000.0,46914000.0,603391000.0,-456392000.0,146999000.0,-129494000.0,-112438000.0,,-17007000.0,17505000.0,-2954000.0,-2954000.0,14551000,-313130000.0,-298579000,15344000.0,-283235000,,-283235000,-283235000,BNED,2018-01-31
75409,USD,2018,Q4,2018-06-20,2019-06-25,46916000.0,46615000.0,357654000.0,-229320000.0,128334000.0,-123129000.0,-106121000.0,,-16858000.0,5205000.0,-2478000.0,-2478000.0,2727000,0.0,2727000,14330000.0,17057000,,17057000,17057000,BNED,2018-04-30
75409,USD,2019,Q1,2018-08-22,2019-08-27,46917000.0,46917000.0,337484000.0,-270874000.0,66610000.0,-115682000.0,-99144000.0,,-16538000.0,-49072000.0,-3522000.0,-3522000.0,-52594000,0.0,-52594000,13972000.0,-38622000,,-38622000,-38622000,BNED,2018-07-31
75409,USD,2019,Q2,2018-12-04,2018-12-04,47184000.0,47824000.0,814766000.0,-604006000.0,210760000.0,-132281000.0,-115323000.0,,-16421000.0,78479000.0,-1836000.0,-1836000.0,76643000,0.0,76643000,-16946000.0,59697000,,59697000,59697000,BNED,2018-10-31
75409,USD,2019,Q3,2019-03-05,2019-03-05,47561000.0,47937000.0,550330000.0,-417377000.0,132953000.0,-127432000.0,-110941000.0,,-16374000.0,5521000.0,-2546000.0,-2546000.0,2975000,-2500000.0,475000,294000.0,769000,,769000,769000,BNED,2019-01-31
75409,USD,2019,Q4,2019-06-25,2021-06-30,47562000.0,46546000.0,332063000.0,-214660000.0,117403000.0,-114350000.0,-98472000.0,,-16532000.0,3053000.0,-1876000.0,-1876000.0,1177000,-63135000.0,-61958000,15740000.0,-46218000,,-46218000,-46218000,BNED,2019-04-30
75409,USD,2020,Q1,2019-08-27,2019-08-27,47582000.0,47582000.0,319657000.0,-248000000.0,71657000.0,-113570000.0,-97691000.0,,-15879000.0,-41913000.0,-2532000.0,-2532000.0,-44445000,-1899000.0,-46344000,14189000.0,-32155000,,-32155000,-32155000,BNED,2019-07-31
75409,USD,2020,Q2,2019-12-04,2019-12-04,47853000.0,48758000.0,772228000.0,-585278000.0,186950000.0,-128950000.0,-113404000.0,,-15546000.0,58000000.0,-1446000.0,-1446000.0,56554000,-1569000.0,54985000,-19054000.0,35931000,,35931000,35931000,BNED,2019-10-31
75409,USD,2020,Q3,2020-03-03,2020-03-03,48298000.0,48298000.0,502292000.0,-383757000.0,118535000.0,-121301000.0,-106184000.0,,-15117000.0,-2766000.0,-1904000.0,-1904000.0,-4670000,-205000.0,-4875000,3182000.0,-1693000,,-1693000,-1693000,BNED,2020-01-31
