SimFinId,Currency,Fiscal Year,Fiscal Period,Publish Date,Restated Date,Shares (Basic),Shares (Diluted),Revenue,Cost of Revenue,Gross Profit,Operating Expenses,"Selling, General & Administrative",Research & Development,Depreciation & Amortization,Operating Income (Loss),Non-Operating Income (Loss),"Interest Expense, Net","Pretax Income (Loss), Adj.",Abnormal Gains (Losses),Pretax Income (Loss),"Income Tax (Expense) Benefit, Net",Income (Loss) from Continuing Operations,Net Extraordinary Gains (Losses),Net Income,Net Income (Common),Ticker,Report_Date
35331,USD,2011,Q4,2012-09-28,2013-06-14,16083000.0,16305000.0,90135000.0,-71729000.0,18406000.0,-8700000.0,-8958000.0,,,9706000.0,-1762000.0,-1750000.0,7944000,-2800000.0,5144000,-1016000.0,4128000,,4128000,4128000,LABL,2012-03-31
35331,USD,2012,Q1,2012-09-06,2012-09-06,16116000.0,16276000.0,100635000.0,-78440000.0,22195000.0,-8019000.0,-8019000.0,,,14176000.0,-1714000.0,-1764000.0,12462000,,12462000,-3591000.0,8871000,,8889000,8889000,LABL,2012-06-30
35331,USD,2012,Q2,2012-11-09,2012-11-09,16127000.0,16314000.0,102626000.0,-81559000.0,21067000.0,-10573000.0,-10573000.0,,,10494000.0,-2667000.0,-2522000.0,7827000,,7827000,-3082000.0,4745000,,4759000,4759000,LABL,2012-09-30
35331,USD,2012,Q3,2013-02-11,2013-02-11,16150000.0,16340000.0,146400000.0,-122872000.0,23528000.0,-16394000.0,-16394000.0,,,7134000.0,-5353000.0,-5392000.0,1781000,,1781000,-223000.0,1558000,,1558000,1558000,LABL,2012-12-31
35331,USD,2012,Q4,2013-06-14,2014-06-13,16187000.0,16398000.0,160586000.0,-129092000.0,31494000.0,-17747000.0,-16565000.0,,,13747000.0,-4693000.0,-5332000.0,9054000,,9054000,-4560000.0,4494000,,4494000,4494000,LABL,2013-03-31
35331,USD,2013,Q1,2013-08-09,2013-08-09,16278000.0,16527000.0,165010000.0,-134087000.0,30923000.0,-13652000.0,-13652000.0,,,17271000.0,-5464000.0,-5565000.0,11807000,,11807000,-3911000.0,7896000,,7896000,7896000,LABL,2013-06-30
35331,USD,2013,Q2,2013-11-12,2013-11-12,16331000.0,16601000.0,169870000.0,-139434000.0,30436000.0,-13443000.0,-13443000.0,,,16993000.0,-5063000.0,-5598000.0,11930000,,11930000,-4560000.0,7370000,,7370000,7370000,LABL,2013-09-30
35331,USD,2013,Q3,2014-02-10,2014-02-10,16381000.0,16647000.0,156950000.0,-126529000.0,30421000.0,-15228000.0,-15228000.0,,,15193000.0,-5936000.0,-5686000.0,9257000,,9257000,-3375000.0,5882000,,5882000,5882000,LABL,2013-12-31
35331,USD,2013,Q4,2014-06-13,2015-06-12,16378000.0,16621000.0,167985000.0,-133414000.0,34571000.0,-13323000.0,-11792000.0,,,21248000.0,-5555000.0,-5388000.0,15693000,,15693000,-6541000.0,9152000,,9152000,9152000,LABL,2014-03-31
35331,USD,2014,Q1,2014-08-11,2014-08-11,16427000.0,16663000.0,166843000.0,-136411000.0,30432000.0,-14333000.0,-14333000.0,,,16099000.0,-5562000.0,-5176000.0,10537000,,10537000,-3865000.0,6672000,,6672000,6672000,LABL,2014-06-30
35331,USD,2014,Q2,2014-11-07,2014-11-07,16531000.0,16773000.0,176635000.0,-143138000.0,33497000.0,-13425000.0,-13425000.0,,,20072000.0,-5408000.0,-5366000.0,14664000,,14664000,-5046000.0,9618000,,9618000,9618000,LABL,2014-09-30
35331,USD,2014,Q3,2015-02-09,2015-02-09,16564000.0,16837000.0,169435000.0,-140319000.0,29116000.0,-15291000.0,-13909000.0,,,13825000.0,-1532000.0,-5501000.0,12293000,,12293000,-3412000.0,8881000,,8881000,8881000,LABL,2014-12-31
35331,USD,2014,Q4,2015-06-12,2017-05-30,16970000.0,17235000.0,297859000.0,-217630000.0,80229000.0,-32362000.0,-26345000.0,,,47867000.0,-13538000.0,-10343000.0,34329000,-951000.0,33378000,-12833000.0,20545000,,20545000,20545000,LABL,2015-03-31
35331,USD,2015,Q1,2015-08-10,2016-08-09,16631000.0,16880000.0,217920000.0,-171085000.0,46835000.0,-20769000.0,-20516000.0,,,26066000.0,-6265000.0,-6390000.0,19801000,,19801000,-6547000.0,13254000,,13254000,13254000,LABL,2015-06-30
35331,USD,2015,Q2,2015-11-09,2016-11-09,16722000.0,16942000.0,219784000.0,-172653000.0,47131000.0,-18884000.0,-18412000.0,,,28247000.0,-6208000.0,-6618000.0,22039000,,22039000,-5385000.0,16654000,,16570000,16570000,LABL,2015-09-30
35331,USD,2015,Q3,2016-02-09,2017-02-09,16772000.0,16963000.0,206028000.0,-166418000.0,39610000.0,-22213000.0,-20423000.0,,,17397000.0,-6752000.0,-6102000.0,10645000,,10645000,-1008000.0,9637000,,9628000,9628000,LABL,2015-12-31
35331,USD,2015,Q4,2016-05-31,2018-05-30,16875000.0,17023000.0,227093000.0,-179043000.0,48050000.0,-25332000.0,-22647000.0,,,22718000.0,-8393000.0,-6641000.0,14325000,,14325000,-6041000.0,8284000,,8287000,8287000,LABL,2016-03-31
35331,USD,2016,Q1,2016-08-09,2017-08-09,16799000.0,16961000.0,236494000.0,-184401000.0,52093000.0,-22811000.0,-22654000.0,,,29282000.0,-6186000.0,-6456000.0,23096000,,23096000,-7186000.0,15910000,,15805000,15805000,LABL,2016-06-30
35331,USD,2016,Q2,2016-11-09,2017-11-09,16867000.0,17008000.0,232140000.0,-182187000.0,49953000.0,-19793000.0,-19736000.0,,,30160000.0,-6231000.0,-6521000.0,23929000,,23929000,-7395000.0,16534000,,16343000,16343000,LABL,2016-09-30
35331,USD,2016,Q3,2017-02-09,2018-02-09,16908000.0,17039000.0,210658000.0,-169441000.0,41217000.0,-20801000.0,-20408000.0,,,20416000.0,-5016000.0,-6141000.0,15400000,,15400000,-3205000.0,12195000,,12126000,12126000,LABL,2016-12-31
35331,USD,2016,Q4,2017-05-30,2018-05-30,16942000.0,17088000.0,244003000.0,-190457000.0,53546000.0,-22438000.0,-22124000.0,,,31108000.0,-5320000.0,-6370000.0,25788000,,25788000,-9062000.0,16726000,,16722000,16722000,LABL,2017-03-31
35331,USD,2017,Q1,2017-08-09,2018-08-09,16943000.0,17152000.0,242440000.0,-192983000.0,49457000.0,-23623000.0,-23589000.0,,,25834000.0,-7534000.0,-6335000.0,18300000,,18300000,-4158000.0,14142000,,14106000,14106000,LABL,2017-06-30
35331,USD,2017,Q2,2017-11-09,2017-11-09,17015000.0,17177000.0,256034000.0,-204260000.0,51774000.0,-25295000.0,-25200000.0,,,26479000.0,-3993000.0,-6669000.0,22486000,,22486000,-7296000.0,15190000,,15190000,15190000,LABL,2017-09-30
35331,USD,2017,Q3,2018-02-09,2018-02-09,19319000.0,19446000.0,352699000.0,-295397000.0,57302000.0,-42280000.0,-41519000.0,,,15022000.0,-31326000.0,-21624000.0,-16304000,,-16304000,36815000.0,20511000,,20532000,20532000,LABL,2017-12-31
35331,USD,2017,Q4,2018-05-30,2018-05-30,20407000.0,20557000.0,449739000.0,-361672000.0,88067000.0,-39822000.0,-39293000.0,,,48245000.0,-19025000.0,-19399000.0,29220000,,29220000,-7166000.0,22054000,,22123000,22123000,LABL,2018-03-31
35331,USD,2018,Q1,2018-08-09,2018-08-09,20439000.0,20545000.0,456131000.0,-368121000.0,88010000.0,-42795000.0,-42768000.0,,,45215000.0,-20243000.0,-19199000.0,24972000,,24972000,-6880000.0,18092000,,18139000,18139000,LABL,2018-06-30
35331,USD,2018,Q2,2018-11-09,2018-11-09,20464000.0,20552000.0,434913000.0,-348128000.0,86785000.0,-39305000.0,-39191000.0,,,47480000.0,-20550000.0,-18690000.0,26930000,,26930000,-3125000.0,23805000,,23755000,23755000,LABL,2018-09-30
35331,USD,2018,Q3,2019-02-11,2019-02-11,20489000.0,20550000.0,397004000.0,-331623000.0,65381000.0,-36675000.0,-36615000.0,,,28706000.0,-18464000.0,-18972000.0,10242000,,10242000,1233000.0,11475000,,11286000,11286000,LABL,2018-12-31
