SimFinId,Currency,Fiscal Year,Fiscal Period,Publish Date,Restated Date,Shares (Basic),Shares (Diluted),Revenue,Cost of Revenue,Gross Profit,Operating Expenses,"Selling, General & Administrative",Research & Development,Depreciation & Amortization,Operating Income (Loss),Non-Operating Income (Loss),"Interest Expense, Net","Pretax Income (Loss), Adj.",Abnormal Gains (Losses),Pretax Income (Loss),"Income Tax (Expense) Benefit, Net",Income (Loss) from Continuing Operations,Net Extraordinary Gains (Losses),Net Income,Net Income (Common),Ticker,Report_Date
776327,USD,2011,Q2,2011-08-08,2012-08-09,29332000.0,30870000.0,50846000.0,-8226000.0,42620000.0,-40260000.0,-30381000.0,-9879000.0,,2360000.0,47000.0,75000.0,2407000,,2407000,-59000.0,2348000,,2348000,2348000,GHDX,2011-06-30
776327,USD,2011,Q3,2011-11-08,2012-11-09,29491000.0,30808000.0,52058000.0,-9195000.0,42863000.0,-39464000.0,-29853000.0,-9611000.0,,3399000.0,-36000.0,77000.0,3363000,,3363000,-138000.0,3225000,,3225000,3225000,GHDX,2011-09-30
776327,USD,2011,Q4,2012-03-14,2014-03-11,29653000.0,32234000.0,53397000.0,-7352000.0,46045000.0,-43313000.0,-33030000.0,-10283000.0,,2732000.0,-10000.0,4000.0,2722000,,2722000,-163000.0,2559000,,2559000,2559000,GHDX,2011-12-31
776327,USD,2012,Q1,2012-05-09,2013-05-07,29910000.0,31609000.0,58467000.0,-9326000.0,49141000.0,-48270000.0,-36341000.0,-11929000.0,,871000.0,2000.0,74000.0,873000,,873000,-96000.0,777000,,777000,777000,GHDX,2012-03-31
776327,USD,2012,Q2,2012-08-09,2013-08-07,30204000.0,32064000.0,57631000.0,-9013000.0,48618000.0,-46780000.0,-35201000.0,-11579000.0,,1838000.0,1000.0,74000.0,1839000,,1839000,-38000.0,1801000,,1801000,1801000,GHDX,2012-06-30
776327,USD,2012,Q3,2012-11-09,2013-11-07,30580000.0,32578000.0,58648000.0,-9037000.0,49611000.0,-45900000.0,-33633000.0,-12267000.0,,3711000.0,110000.0,77000.0,3821000,,3821000,-109000.0,3712000,,3712000,3712000,GHDX,2012-09-30
776327,USD,2012,Q4,2013-03-15,2015-03-12,30610000.0,32357000.0,60427000.0,-9642000.0,50785000.0,-48771000.0,-35442000.0,-13329000.0,,2014000.0,124000.0,70000.0,2138000,,2138000,-179000.0,1959000,,1959000,1959000,GHDX,2012-12-31
776327,USD,2013,Q1,2013-05-07,2014-05-07,30099000.0,30099000.0,63094000.0,-9746000.0,53348000.0,-54237000.0,-40574000.0,-13663000.0,,-889000.0,59000.0,65000.0,-830000,,-830000,-53000.0,-883000,,-883000,-883000,GHDX,2013-03-31
776327,USD,2013,Q2,2013-08-07,2014-08-08,30464000.0,30464000.0,63691000.0,-10757000.0,52934000.0,-55845000.0,-42045000.0,-13800000.0,,-2911000.0,-28000.0,57000.0,-2939000,,-2939000,-55000.0,-2994000,,-2994000,-2994000,GHDX,2013-06-30
776327,USD,2013,Q3,2013-11-07,2014-11-06,30661000.0,32324000.0,65990000.0,-10781000.0,55209000.0,-54746000.0,-40020000.0,-14726000.0,,463000.0,141000.0,52000.0,604000,,604000,-116000.0,488000,,488000,488000,GHDX,2013-09-30
776327,USD,2013,Q4,2014-03-11,2016-03-09,30824000.0,29161000.0,68820000.0,-10816000.0,58004000.0,-66499000.0,-44511000.0,-21988000.0,,-8495000.0,-108000.0,48000.0,-8603000,-643000.0,-9246000,-122000.0,-9368000,,-9368000,-9368000,GHDX,2013-12-31
776327,USD,2014,Q1,2014-05-07,2015-05-07,31087000.0,31087000.0,67002000.0,-12055000.0,54947000.0,-62141000.0,-48136000.0,-14005000.0,,-7194000.0,-176000.0,50000.0,-7370000,,-7370000,-75000.0,-7445000,,-7445000,-7445000,GHDX,2014-03-31
776327,USD,2014,Q2,2014-08-08,2015-08-06,31333000.0,31333000.0,70477000.0,-12207000.0,58270000.0,-62881000.0,-50251000.0,-12630000.0,,-4611000.0,81000.0,47000.0,-4530000,,-4530000,-88000.0,-4618000,,-4618000,-4618000,GHDX,2014-06-30
776327,USD,2014,Q3,2014-11-06,2015-11-09,31590000.0,31590000.0,69101000.0,-11979000.0,57122000.0,-62957000.0,-49066000.0,-13891000.0,,-5835000.0,-298000.0,47000.0,-6133000,,-6133000,-129000.0,-6262000,,-6262000,-6262000,GHDX,2014-09-30
776327,USD,2014,Q4,2015-03-12,2017-03-15,31802000.0,31802000.0,69126000.0,-12501000.0,56625000.0,-62612000.0,-50062000.0,-12550000.0,,-5987000.0,-179000.0,48000.0,-6166000,0.0,-6166000,-101000.0,-6267000,,-6267000,-6267000,GHDX,2014-12-31
776327,USD,2015,Q1,2015-05-07,2016-05-09,32055000.0,32055000.0,68152000.0,-12762000.0,55390000.0,-70059000.0,-50941000.0,-19118000.0,,-14669000.0,-320000.0,54000.0,-14989000,,-14989000,5496000.0,-9493000,,-9493000,-9493000,GHDX,2015-03-31
776327,USD,2015,Q2,2015-08-06,2016-11-04,32498000.0,32498000.0,73554000.0,-13718000.0,59836000.0,-65274000.0,-51794000.0,-13480000.0,,-5438000.0,-104000.0,54000.0,-5542000,,-5542000,-6301000.0,-11843000,,-11843000,-11843000,GHDX,2015-06-30
776327,USD,2015,Q3,2015-11-09,2015-11-09,32498000.0,32498000.0,73554000.0,-13718000.0,59836000.0,-65274000.0,-51794000.0,-13480000.0,,-5438000.0,-104000.0,54000.0,-5542000,,-5542000,-6301000.0,-11843000,,-11843000,-11843000,GHDX,2015-09-30
776327,USD,2015,Q4,2016-03-09,2018-03-14,32477000.0,32477000.0,72198000.0,-14937000.0,57261000.0,-65743000.0,-53376000.0,-12367000.0,,-8482000.0,251000.0,59000.0,-8231000,,-8231000,8102000.0,-129000,,-129000,-129000,GHDX,2015-12-31
776327,USD,2016,Q1,2016-05-09,2017-05-10,32900000.0,32900000.0,80894000.0,-16153000.0,64741000.0,-73548000.0,-57938000.0,-15610000.0,,-8807000.0,165000.0,78000.0,-8642000,1333000.0,-7309000,958000.0,-6351000,,-6351000,-6351000,GHDX,2016-03-31
776327,USD,2016,Q2,2016-08-09,2017-08-04,33391000.0,33391000.0,81974000.0,-15598000.0,66376000.0,-71474000.0,-56526000.0,-14948000.0,,-5098000.0,-63000.0,87000.0,-5161000,676000.0,-4485000,-1615000.0,-6100000,,-6100000,-6100000,GHDX,2016-06-30
776327,USD,2016,Q3,2016-11-04,2017-11-09,33391000.0,33391000.0,82258000.0,-13425000.0,68833000.0,-71852000.0,-57106000.0,-14746000.0,,-3019000.0,6000.0,117000.0,-3013000,,-3013000,193000.0,-2820000,,-2820000,-2820000,GHDX,2016-09-30
776327,USD,2016,Q4,2017-03-15,2018-03-14,33374000.0,33374000.0,82742000.0,-13652000.0,69090000.0,-67598000.0,-52744000.0,-14854000.0,,1492000.0,-422000.0,136000.0,1070000,1199000.0,2269000,-917000.0,1352000,,1352000,1352000,GHDX,2016-12-31
776327,USD,2017,Q1,2017-05-10,2018-05-09,34009000.0,34009000.0,83979000.0,-13672000.0,70307000.0,-73132000.0,-58258000.0,-14874000.0,,-2825000.0,253000.0,158000.0,-2572000,2807000.0,235000,-1041000.0,-806000,,-806000,-806000,GHDX,2017-03-31
776327,USD,2017,Q2,2017-08-04,2018-08-07,34428000.0,34428000.0,85487000.0,-13798000.0,71689000.0,-74832000.0,-59051000.0,-15781000.0,,-3143000.0,563000.0,206000.0,-2580000,,-2580000,-159000.0,-2739000,,-2739000,-2739000,GHDX,2017-06-30
776327,USD,2017,Q3,2017-11-09,2018-11-08,34675000.0,34675000.0,83821000.0,-13433000.0,70388000.0,-73020000.0,-55808000.0,-17212000.0,,-2632000.0,603000.0,263000.0,-2029000,,-2029000,-162000.0,-2191000,,-2191000,-2191000,GHDX,2017-09-30
776327,USD,2017,Q4,2018-03-14,2018-03-14,34868000.0,34868000.0,87463000.0,-13815000.0,73648000.0,-71498000.0,-56554000.0,-14944000.0,,2150000.0,-129000.0,307000.0,2021000,0.0,2021000,-142000.0,1879000,,1879000,1879000,GHDX,2017-12-31
776327,USD,2018,Q1,2018-05-09,2018-05-09,35198000.0,35198000.0,92625000.0,-18733000.0,73892000.0,-78280000.0,-61473000.0,-16807000.0,,-4388000.0,726000.0,417000.0,-3662000,127000.0,-3535000,-240000.0,-3775000,,-3775000,-3775000,GHDX,2018-03-31
776327,USD,2018,Q2,2018-08-07,2018-08-07,35544000.0,36716000.0,95619000.0,-14383000.0,81236000.0,-74136000.0,-58824000.0,-15312000.0,,7100000.0,152000.0,400000.0,7252000,1283000.0,8535000,-218000.0,8317000,,8317000,8317000,GHDX,2018-06-30
776327,USD,2018,Q3,2018-11-08,2018-11-08,35925000.0,38026000.0,101258000.0,-15518000.0,85740000.0,-73982000.0,-58549000.0,-15433000.0,,11758000.0,715000.0,676000.0,12473000,127000.0,12600000,-375000.0,12225000,,12225000,12225000,GHDX,2018-09-30
776327,USD,2018,Q4,2019-02-28,2019-02-28,36241000.0,40280000.0,104609000.0,-15692000.0,88917000.0,-79491000.0,-62843000.0,-16648000.0,,9426000.0,560000.0,892000.0,9986000,-662000.0,9324000,-414000.0,8910000,,8910000,8910000,GHDX,2018-12-31
776327,USD,2019,Q1,2019-05-09,2019-05-09,36719000.0,38764000.0,108769000.0,-17008000.0,91761000.0,-80222000.0,-65168000.0,-15054000.0,,11539000.0,1278000.0,1151000.0,12817000,449000.0,13266000,-267000.0,12999000,,12999000,12999000,GHDX,2019-03-31
776327,USD,2019,Q2,2019-08-06,2019-08-06,37126000.0,38507000.0,114140000.0,-17674000.0,96466000.0,-80968000.0,-65650000.0,-15318000.0,,15498000.0,1130000.0,1334000.0,16628000,-301000.0,16327000,-340000.0,15987000,,15987000,15987000,GHDX,2019-06-30
