SimFinId,Currency,Fiscal Year,Fiscal Period,Publish Date,Restated Date,Shares (Basic),Shares (Diluted),Revenue,Cost of Revenue,Gross Profit,Operating Expenses,"Selling, General & Administrative",Research & Development,Depreciation & Amortization,Operating Income (Loss),Non-Operating Income (Loss),"Interest Expense, Net","Pretax Income (Loss), Adj.",Abnormal Gains (Losses),Pretax Income (Loss),"Income Tax (Expense) Benefit, Net",Income (Loss) from Continuing Operations,Net Extraordinary Gains (Losses),Net Income,Net Income (Common),Ticker,Report_Date
373834,USD,2010,Q3,2010-11-08,2011-11-07,300702000.0,301386000.0,1748000000.0,-641000000.0,1107000000.0,-601000000.0,-243000000.0,,-358000000.0,506000000.0,-134000000.0,-138000000.0,372000000,,372000000,-140000000.0,232000000,,232000000,232000000,LUMN,2010-09-30
373834,USD,2010,Q4,2011-03-30,2013-03-01,302303000.0,303200000.0,1721574000.0,-656895000.0,1064679000.0,-578909000.0,-214071000.0,,-364838000.0,485770000.0,-127275000.0,-123775000.0,358495000,,358495000,-133452000.0,225043000,,225399000,225399000,LUMN,2010-12-31
373834,USD,2011,Q1,2011-05-06,2012-05-10,303832000.0,304479000.0,1696000000.0,-626000000.0,1070000000.0,-606000000.0,-237000000.0,,-369000000.0,464000000.0,-125000000.0,-128000000.0,339000000,,339000000,-128000000.0,211000000,,211000000,211000000,LUMN,2011-03-31
373834,USD,2011,Q2,2011-08-09,2012-08-09,598884000.0,600259000.0,4406000000.0,-1781000000.0,2625000000.0,-2145000000.0,-968000000.0,,-1177000000.0,480000000.0,-293000000.0,-280000000.0,187000000,-1000000.0,186000000,-71000000.0,115000000,,115000000,115000000,LUMN,2011-06-30
373834,USD,2011,Q3,2011-11-07,2012-11-08,612277000.0,613686000.0,4596000000.0,-1950000000.0,2646000000.0,-2098000000.0,-870000000.0,,-1228000000.0,548000000.0,-317000000.0,-324000000.0,231000000,,231000000,-93000000.0,138000000,,138000000,138000000,LUMN,2011-09-30
373834,USD,2011,Q4,2012-02-28,2014-02-27,616127000.0,618060000.0,4653000000.0,-1968000000.0,2685000000.0,-2152000000.0,-900000000.0,,-1252000000.0,533000000.0,-334000000.0,-340000000.0,199000000,-7000000.0,192000000,-83000000.0,109000000,,109000000,109000000,LUMN,2011-12-31
373834,USD,2012,Q1,2012-05-10,2013-05-10,618208000.0,620350000.0,4610000000.0,-1877000000.0,2733000000.0,-2079000000.0,-871000000.0,,-1208000000.0,654000000.0,-331000000.0,-343000000.0,323000000,8000000.0,331000000,-131000000.0,200000000,,200000000,200000000,LUMN,2012-03-31
373834,USD,2012,Q2,2012-08-09,2013-08-08,619887000.0,621839000.0,4612000000.0,-1912000000.0,2700000000.0,-2043000000.0,-835000000.0,,-1208000000.0,657000000.0,-332000000.0,-335000000.0,325000000,-202000000.0,123000000,-49000000.0,74000000,,74000000,74000000,LUMN,2012-06-30
373834,USD,2012,Q3,2012-11-08,2013-11-08,621148000.0,623296000.0,4571000000.0,-1943000000.0,2628000000.0,-1892000000.0,-748000000.0,,-1144000000.0,736000000.0,-314000000.0,-326000000.0,422000000,0.0,422000000,-152000000.0,270000000,,270000000,270000000,LUMN,2012-09-30
373834,USD,2012,Q4,2013-03-01,2015-02-24,621577000.0,623655000.0,4583000000.0,-1907000000.0,2676000000.0,-2010000000.0,-790000000.0,,-1220000000.0,666000000.0,-307000000.0,-315000000.0,359000000,15000000.0,374000000,-141000000.0,233000000,,233000000,233000000,LUMN,2012-12-31
373834,USD,2013,Q1,2013-05-10,2014-05-09,619423000.0,621074000.0,4513000000.0,-1796000000.0,2717000000.0,-1935000000.0,-818000000.0,,-1117000000.0,782000000.0,-277000000.0,-316000000.0,505000000,,505000000,-207000000.0,298000000,,298000000,298000000,LUMN,2013-03-31
373834,USD,2013,Q2,2013-08-08,2014-08-07,604302000.0,605602000.0,4525000000.0,-1873000000.0,2652000000.0,-1937000000.0,-814000000.0,,-1123000000.0,715000000.0,-321000000.0,-325000000.0,394000000,,394000000,-125000000.0,269000000,,269000000,269000000,LUMN,2013-06-30
373834,USD,2013,Q3,2013-11-08,2014-11-06,594587000.0,594587000.0,4515000000.0,-1918000000.0,2597000000.0,-2182000000.0,-1047000000.0,,-1135000000.0,415000000.0,-320000000.0,-329000000.0,95000000,-1100000000.0,-1005000000,-40000000.0,-1045000000,,-1045000000,-1045000000,LUMN,2013-09-30
373834,USD,2013,Q4,2014-02-27,2016-02-25,585256000.0,582305000.0,4542000000.0,-1920000000.0,2622000000.0,-1989000000.0,-823000000.0,,-1166000000.0,633000000.0,-321000000.0,-328000000.0,312000000,18000000.0,330000000,-91000000.0,239000000,,239000000,239000000,LUMN,2013-12-31
373834,USD,2014,Q1,2014-05-09,2015-05-06,574535000.0,575456000.0,4538000000.0,-1935000000.0,2603000000.0,-1950000000.0,-843000000.0,,-1107000000.0,653000000.0,-322000000.0,-331000000.0,331000000,,331000000,-128000000.0,203000000,,203000000,203000000,LUMN,2014-03-31
373834,USD,2014,Q2,2014-08-07,2015-08-06,567915000.0,569032000.0,4541000000.0,-1962000000.0,2579000000.0,-1924000000.0,-831000000.0,,-1093000000.0,655000000.0,-332000000.0,-325000000.0,323000000,,323000000,-130000000.0,193000000,,193000000,193000000,LUMN,2014-06-30
373834,USD,2014,Q3,2014-11-06,2015-11-05,565965000.0,567432000.0,4514000000.0,-1975000000.0,2539000000.0,-1920000000.0,-823000000.0,,-1097000000.0,619000000.0,-320000000.0,-325000000.0,299000000,,299000000,-111000000.0,188000000,,188000000,188000000,LUMN,2014-09-30
373834,USD,2014,Q4,2015-02-24,2017-02-23,565325000.0,567036000.0,4438000000.0,-1974000000.0,2464000000.0,-1981000000.0,-850000000.0,,-1131000000.0,483000000.0,-326000000.0,-330000000.0,157000000,,157000000,31000000.0,188000000,,188000000,188000000,LUMN,2014-12-31
373834,USD,2015,Q1,2015-05-06,2016-05-05,561969000.0,563505000.0,4451000000.0,-1911000000.0,2540000000.0,-1891000000.0,-851000000.0,,-1040000000.0,649000000.0,-326000000.0,-328000000.0,323000000,,323000000,-131000000.0,192000000,,192000000,192000000,LUMN,2015-03-31
373834,USD,2015,Q2,2015-08-06,2016-08-04,558640000.0,559220000.0,4419000000.0,-1959000000.0,2460000000.0,-1911000000.0,-863000000.0,,-1048000000.0,549000000.0,-315000000.0,-327000000.0,234000000,,234000000,-91000000.0,143000000,,143000000,143000000,LUMN,2015-06-30
373834,USD,2015,Q3,2015-11-05,2016-11-04,554897000.0,555156000.0,4554000000.0,-1993000000.0,2561000000.0,-1905000000.0,-857000000.0,,-1048000000.0,656000000.0,-327000000.0,-329000000.0,329000000,,329000000,-124000000.0,205000000,,205000000,205000000,LUMN,2015-09-30
373834,USD,2015,Q4,2016-02-25,2018-03-01,541606000.0,542491000.0,4476000000.0,-1915000000.0,2561000000.0,-1836000000.0,-783000000.0,,-1053000000.0,725000000.0,-295000000.0,-328000000.0,430000000,,430000000,-92000000.0,338000000,,338000000,338000000,LUMN,2015-12-31
373834,USD,2016,Q1,2016-05-05,2017-05-05,538799000.0,540187000.0,4401000000.0,-1900000000.0,2501000000.0,-1813000000.0,-837000000.0,,-976000000.0,688000000.0,-308000000.0,-331000000.0,380000000,,380000000,-144000000.0,236000000,,236000000,236000000,LUMN,2016-03-31
373834,USD,2016,Q2,2016-08-04,2017-08-07,539627000.0,540375000.0,4398000000.0,-1949000000.0,2449000000.0,-1802000000.0,-815000000.0,,-987000000.0,647000000.0,-330000000.0,-340000000.0,317000000,,317000000,-121000000.0,196000000,,196000000,196000000,LUMN,2016-06-30
373834,USD,2016,Q3,2016-11-04,2017-11-09,539806000.0,540917000.0,4382000000.0,-1996000000.0,2386000000.0,-1793000000.0,-798000000.0,,-995000000.0,593000000.0,-344000000.0,-327000000.0,249000000,,249000000,-97000000.0,152000000,,152000000,152000000,LUMN,2016-09-30
373834,USD,2016,Q4,2017-02-23,2019-03-11,539964000.0,541237000.0,4289000000.0,-1929000000.0,2360000000.0,-1955000000.0,-997000000.0,,-958000000.0,405000000.0,-331000000.0,-320000000.0,74000000,0.0,74000000,-32000000.0,42000000,,42000000,42000000,LUMN,2016-12-31
373834,USD,2017,Q1,2017-05-05,2018-05-10,540458000.0,541522000.0,4209000000.0,-1888000000.0,2321000000.0,-1690000000.0,-810000000.0,,-880000000.0,631000000.0,-324000000.0,-318000000.0,307000000,,307000000,-144000000.0,163000000,,163000000,163000000,LUMN,2017-03-31
373834,USD,2017,Q2,2017-08-07,2018-08-09,541361000.0,542151000.0,4090000000.0,-1890000000.0,2200000000.0,-1833000000.0,-884000000.0,,-949000000.0,367000000.0,-327000000.0,-320000000.0,40000000,,40000000,-23000000.0,17000000,,17000000,17000000,LUMN,2017-06-30
373834,USD,2017,Q3,2017-11-09,2018-11-09,541521000.0,541963000.0,4034000000.0,-1927000000.0,2107000000.0,-1620000000.0,-710000000.0,,-910000000.0,487000000.0,-348000000.0,-362000000.0,139000000,0.0,139000000,-47000000.0,92000000,,92000000,92000000,LUMN,2017-09-30
373834,USD,2017,Q4,2018-03-01,2019-03-11,887892000.0,889136000.0,5323000000.0,-2498000000.0,2825000000.0,-2301000000.0,-1104000000.0,,-1197000000.0,524000000.0,-470000000.0,-481000000.0,54000000,0.0,54000000,1063000000.0,1117000000,,1117000000,1117000000,LUMN,2017-12-31
373834,USD,2018,Q1,2018-05-10,2019-05-10,1065796000.0,1069183000.0,5945000000.0,-2803000000.0,3142000000.0,-2392000000.0,-1109000000.0,,-1283000000.0,750000000.0,-514000000.0,-535000000.0,236000000,0.0,236000000,-121000000.0,115000000,,115000000,115000000,LUMN,2018-03-31
373834,USD,2018,Q2,2018-08-09,2018-08-09,1064711000.0,1068819000.0,5902000000.0,-2730000000.0,3172000000.0,-2405000000.0,-1115000000.0,,-1290000000.0,767000000.0,-530000000.0,-546000000.0,237000000,,237000000,55000000.0,292000000,,292000000,292000000,LUMN,2018-06-30
373834,USD,2018,Q3,2018-11-09,2018-11-09,1066904000.0,1072351000.0,5818000000.0,-2672000000.0,3146000000.0,-2252000000.0,-967000000.0,,-1285000000.0,894000000.0,-532000000.0,-557000000.0,362000000,-33000000.0,329000000,-57000000.0,272000000,,272000000,272000000,LUMN,2018-09-30
373834,USD,2018,Q4,2019-03-11,2021-02-25,1066053000.0,1053111000.0,4915000000.0,-1794000000.0,3121000000.0,-2236000000.0,-974000000.0,,-1262000000.0,885000000.0,-557000000.0,-539000000.0,328000000,-2693000000.0,-2365000000,-47000000.0,-2412000000,,-2412000000,-2412000000,LUMN,2018-12-31
373834,USD,2019,Q1,2019-05-10,2019-05-10,1068878000.0,1068878000.0,5647000000.0,-2520000000.0,3127000000.0,-2120000000.0,-932000000.0,,-1188000000.0,1007000000.0,-528000000.0,-523000000.0,479000000,-6506000000.0,-6027000000,-138000000.0,-6165000000,,-6165000000,-6165000000,LUMN,2019-03-31
373834,USD,2019,Q2,2019-08-08,2019-08-08,1071341000.0,1072813000.0,5578000000.0,-2446000000.0,3132000000.0,-2156000000.0,-960000000.0,,-1196000000.0,976000000.0,-474000000.0,-518000000.0,502000000,0.0,502000000,-131000000.0,371000000,,371000000,371000000,LUMN,2019-06-30
373834,USD,2019,Q3,2019-11-07,2019-11-07,1072543000.0,1074790000.0,5606000000.0,-2590000000.0,3016000000.0,-2066000000.0,-831000000.0,,-1235000000.0,950000000.0,-540000000.0,-496000000.0,410000000,0.0,410000000,-108000000.0,302000000,,302000000,302000000,LUMN,2019-09-30
373834,USD,2019,Q4,2020-02-28,2020-02-28,1073002000.0,1069283000.0,4627000000.0,-1578000000.0,3049000000.0,-2202000000.0,-992000000.0,,-1210000000.0,847000000.0,-498000000.0,-484000000.0,349000000,0.0,349000000,-126000000.0,223000000,,223000000,223000000,LUMN,2019-12-31
373834,USD,2020,Q1,2020-05-07,2021-05-06,1075459000.0,1081754000.0,5228000000.0,-2235000000.0,2993000000.0,-2013000000.0,-853000000.0,,-1160000000.0,980000000.0,-547000000.0,-449000000.0,433000000,,433000000,-119000000.0,314000000,,314000000,314000000,LUMN,2020-03-31
