SimFinId,Currency,Fiscal Year,Fiscal Period,Publish Date,Restated Date,Shares (Basic),Shares (Diluted),Revenue,Cost of Revenue,Gross Profit,Operating Expenses,"Selling, General & Administrative",Research & Development,Depreciation & Amortization,Operating Income (Loss),Non-Operating Income (Loss),"Interest Expense, Net","Pretax Income (Loss), Adj.",Abnormal Gains (Losses),Pretax Income (Loss),"Income Tax (Expense) Benefit, Net",Income (Loss) from Continuing Operations,Net Extraordinary Gains (Losses),Net Income,Net Income (Common),Ticker,Report_Date
47121,USD,2014,Q4,2015-03-14,2017-03-24,20108000.0,20108000.0,62639000.0,-14694000.0,47945000.0,-93778000.0,-75791000.0,-17987000.0,,-45833000.0,-857000.0,-559000.0,-46690000,-14000.0,-46704000,-29000.0,-46733000,,-46733000,-52921000,BOX,2015-01-31
47121,USD,2015,Q1,2015-06-12,2016-06-09,119379000.0,119379000.0,65621000.0,-17153000.0,48468000.0,-95101000.0,-71967000.0,-23134000.0,,-46633000.0,-591000.0,-514000.0,-47224000,,-47224000,-59000.0,-47283000,,-47283000,-47283000,BOX,2015-04-30
47121,USD,2015,Q2,2015-09-11,2016-09-07,120399000.0,120399000.0,73450000.0,-20636000.0,52814000.0,-102588000.0,-76135000.0,-26453000.0,,-49774000.0,-260000.0,-229000.0,-50034000,,-50034000,-141000.0,-50175000,,-50175000,-50175000,BOX,2015-07-31
47121,USD,2015,Q3,2015-12-14,2016-12-08,121796000.0,121796000.0,78651000.0,-23630000.0,55021000.0,-110053000.0,-83729000.0,-26324000.0,,-55032000.0,135000.0,-30000.0,-54897000,,-54897000,-220000.0,-55117000,,-55117000,-55117000,BOX,2015-10-31
47121,USD,2015,Q4,2016-03-30,2017-03-24,123386000.0,123386000.0,84982000.0,-25681000.0,59301000.0,-108865000.0,-82276000.0,-26589000.0,,-49564000.0,-539000.0,-384000.0,-50103000,,-50103000,-270000.0,-50373000,,-50373000,-50373000,BOX,2016-01-31
47121,USD,2016,Q1,2016-06-09,2017-06-09,124932000.0,124932000.0,90155000.0,-27859000.0,62296000.0,-100888000.0,-73981000.0,-26907000.0,,-38592000.0,265000.0,-176000.0,-38327000,,-38327000,-248000.0,-38575000,,-38575000,-38575000,BOX,2016-04-30
47121,USD,2016,Q2,2016-09-07,2017-09-08,126776000.0,126776000.0,95713000.0,-27602000.0,68111000.0,-106030000.0,-77765000.0,-28265000.0,,-37919000.0,1000.0,-189000.0,-37918000,,-37918000,-184000.0,-38102000,,-38102000,-38102000,BOX,2016-07-31
47121,USD,2016,Q3,2016-12-08,2017-12-08,128275000.0,128275000.0,102811000.0,-27115000.0,75696000.0,-113447000.0,-83795000.0,-29652000.0,,-37751000.0,-244000.0,-222000.0,-37995000,,-37995000,-238000.0,-38233000,,-38233000,-38233000,BOX,2016-10-31
47121,USD,2016,Q4,2017-03-24,2017-03-24,129893000.0,129893000.0,109926000.0,-29554000.0,80372000.0,-116765000.0,-85661000.0,-31104000.0,,-36393000.0,-240000.0,-309000.0,-36633000,,-36633000,-244000.0,-36877000,,-36877000,-36877000,BOX,2017-01-31
47121,USD,2017,Q1,2017-06-09,2017-06-09,131469000.0,131469000.0,117222000.0,-32723000.0,84499000.0,-124478000.0,-90944000.0,-33534000.0,,-39979000.0,-263000.0,-279000.0,-40242000,,-40242000,156000.0,-40086000,,-40086000,-40086000,BOX,2017-04-30
47121,USD,2017,Q2,2017-09-08,2017-09-08,132981000.0,132981000.0,122941000.0,-32778000.0,90163000.0,-129159000.0,-95117000.0,-34042000.0,,-38996000.0,31000.0,-236000.0,-38965000,,-38965000,-320000.0,-39285000,,-39285000,-39285000,BOX,2017-07-31
47121,USD,2017,Q3,2017-12-08,2017-12-08,134636000.0,134636000.0,129304000.0,-34471000.0,94833000.0,-137392000.0,-102580000.0,-34812000.0,,-42559000.0,-10000.0,-287000.0,-42569000,,-42569000,-355000.0,-42924000,,-42924000,-42924000,BOX,2017-10-31
47121,USD,2017,Q4,2018-03-22,2018-03-22,136642000.0,136642000.0,136675000.0,-35276000.0,101399000.0,-133886000.0,-99483000.0,-34403000.0,,-32487000.0,18000.0,-211000.0,-32469000,,-32469000,-196000.0,-32665000,,-32665000,-32665000,BOX,2018-01-31
47121,USD,2018,Q1,2018-06-08,2018-06-08,138524000.0,138524000.0,140507000.0,-39068000.0,101439000.0,-137299000.0,-99051000.0,-38248000.0,,-35860000.0,-413000.0,-70000.0,-36273000,,-36273000,-364000.0,-36637000,,-36637000,-36637000,BOX,2018-04-30
47121,USD,2018,Q2,2018-09-07,2018-09-07,140718000.0,140718000.0,148222000.0,-42605000.0,105617000.0,-142836000.0,-101006000.0,-41830000.0,,-37219000.0,-670000.0,-91000.0,-37889000,,-37889000,-196000.0,-38085000,,-38085000,-38085000,BOX,2018-07-31
47121,USD,2018,Q3,2018-12-06,2018-12-06,142366000.0,142366000.0,155944000.0,-44724000.0,111220000.0,-150684000.0,-108374000.0,-42310000.0,,-39464000.0,-368000.0,-47000.0,-39832000,,-39832000,-364000.0,-40196000,,-40196000,-40196000,BOX,2018-10-31
47121,USD,2018,Q4,2019-03-20,2019-03-20,143796000.0,143796000.0,163713000.0,-47197000.0,116516000.0,-138210000.0,-96848000.0,-41362000.0,,-21694000.0,2474000.0,-108000.0,-19220000,,-19220000,-474000.0,-19694000,,-19694000,-19694000,BOX,2019-01-31
47121,USD,2019,Q1,2019-06-06,2019-06-06,145275000.0,145275000.0,162974000.0,-48684000.0,114290000.0,-149671000.0,-103427000.0,-46244000.0,,-35381000.0,-948000.0,-68000.0,-36329000,,-36329000,-499000.0,-36828000,,-36828000,-36828000,BOX,2019-04-30
47121,USD,2019,Q2,2019-09-06,2019-09-06,147032000.0,147032000.0,172549000.0,-53872000.0,118677000.0,-154954000.0,-105261000.0,-49693000.0,,-36277000.0,358000.0,-335000.0,-35919000,,-35919000,-315000.0,-36234000,,-36234000,-36234000,BOX,2019-07-31
47121,USD,2019,Q3,2019-12-06,2019-12-06,148555000.0,148555000.0,177156000.0,-56302000.0,120854000.0,-160087000.0,-109435000.0,-50652000.0,,-39233000.0,-1391000.0,-738000.0,-40624000,,-40624000,-272000.0,-40896000,,-40896000,-40896000,BOX,2019-10-31
47121,USD,2019,Q4,2020-03-19,2020-03-19,150186000.0,150186000.0,183585000.0,-56719000.0,126866000.0,-155447000.0,-102286000.0,-53161000.0,,-28581000.0,-1485000.0,-1197000.0,-30066000,,-30066000,-324000.0,-30390000,,-30390000,-30390000,BOX,2020-01-31
