SimFinId,Currency,Fiscal Year,Fiscal Period,Publish Date,Restated Date,Shares (Basic),Shares (Diluted),Revenue,Cost of Revenue,Gross Profit,Operating Expenses,"Selling, General & Administrative",Research & Development,Depreciation & Amortization,Operating Income (Loss),Non-Operating Income (Loss),"Interest Expense, Net","Pretax Income (Loss), Adj.",Abnormal Gains (Losses),Pretax Income (Loss),"Income Tax (Expense) Benefit, Net",Income (Loss) from Continuing Operations,Net Extraordinary Gains (Losses),Net Income,Net Income (Common),Ticker,Report_Date
646168,USD,2011,Q2,2011-07-20,2012-07-19,6987612.0,7186391.0,18859000.0,,18859000.0,-12710000.0,-11375000.0,,,6149000.0,,,6149000,-233000.0,5916000,-2179000.0,3737000,,3737000,3737000,WHG,2011-06-30
646168,USD,2011,Q3,2011-10-19,2012-10-18,7005473.0,7216138.0,16048000.0,,16048000.0,-10717000.0,-9504000.0,,,5331000.0,,,5331000,-34000.0,5297000,-2014000.0,3283000,,3283000,3283000,WHG,2011-09-30
646168,USD,2011,Q4,2012-02-28,2014-02-28,6950564.0,7221055.0,16993000.0,,16993000.0,-10449000.0,-9355000.0,,,6544000.0,,,6544000,-267000.0,6277000,-2160000.0,4117000,,4117000,4117000,WHG,2011-12-31
646168,USD,2012,Q1,2012-04-19,2013-04-18,7087778.0,7268353.0,17864000.0,,17864000.0,-11571000.0,-10096000.0,,,6293000.0,,,6293000,-209000.0,6084000,-2299000.0,3785000,,3785000,3785000,WHG,2012-03-31
646168,USD,2012,Q2,2012-07-19,2013-07-18,7162540.0,7250707.0,20066000.0,,20066000.0,-16039000.0,-13347000.0,,,4027000.0,,,4027000,-275000.0,3752000,-1554000.0,2198000,,2198000,2198000,WHG,2012-06-30
646168,USD,2012,Q3,2012-10-18,2013-10-17,7166020.0,7323245.0,18941000.0,,18941000.0,-14318000.0,-12930000.0,,,4623000.0,,,4623000,-292000.0,4331000,-1827000.0,2504000,,2504000,2504000,WHG,2012-09-30
646168,USD,2012,Q4,2013-02-28,2015-02-26,7166466.0,7385835.0,20624000.0,,20624000.0,-14394000.0,-12974000.0,,,6230000.0,,,6230000,-377000.0,5853000,-2254000.0,3599000,,3599000,3599000,WHG,2012-12-31
646168,USD,2013,Q1,2013-04-18,2014-04-17,7287161.0,7481668.0,20100000.0,,20100000.0,-14977000.0,-13319000.0,,,5123000.0,,,5123000,-404000.0,4719000,-1886000.0,2833000,,2833000,2833000,WHG,2013-03-31
646168,USD,2013,Q2,2013-07-18,2014-07-30,7349868.0,7495523.0,23475000.0,,23475000.0,-15280000.0,-13525000.0,,,8195000.0,,,8195000,-462000.0,7733000,-2854000.0,4879000,,4879000,4879000,WHG,2013-06-30
646168,USD,2013,Q3,2013-10-17,2014-10-23,7374600.0,7597001.0,22998000.0,,22998000.0,-15661000.0,-14084000.0,,,7337000.0,,,7337000,-599000.0,6738000,-2437000.0,4301000,,4301000,4301000,WHG,2013-09-30
646168,USD,2013,Q4,2014-02-28,2016-02-25,7315867.0,8196832.0,25252000.0,,25252000.0,-15569000.0,-13454000.0,,,9683000.0,,,9683000,-688000.0,8995000,-3171000.0,5824000,,5824000,5824000,WHG,2013-12-31
646168,USD,2014,Q1,2014-04-17,2015-04-29,7474415.0,7751243.0,25949000.0,,25949000.0,-16684000.0,-14587000.0,,,9265000.0,,,9265000,-652000.0,8613000,-3051000.0,5562000,,5562000,5562000,WHG,2014-03-31
646168,USD,2014,Q2,2014-07-30,2015-07-29,7523347.0,7679032.0,30905000.0,,30905000.0,-16827000.0,-14624000.0,,,14078000.0,,,14078000,-722000.0,13356000,-4765000.0,8591000,,8591000,8591000,WHG,2014-06-30
646168,USD,2014,Q3,2014-10-23,2015-10-28,7525489.0,7734309.0,28122000.0,,28122000.0,-16939000.0,-15149000.0,,,11183000.0,,,11183000,-591000.0,10592000,-3474000.0,7118000,,7118000,7118000,WHG,2014-09-30
646168,USD,2014,Q4,2015-02-26,2017-02-23,7526141.0,8461596.0,28265000.0,,28265000.0,-18212000.0,-15928000.0,,,10053000.0,,,10053000,-578000.0,9475000,-3497000.0,5978000,,5978000,5978000,WHG,2014-12-31
646168,USD,2015,Q1,2015-04-29,2016-04-27,7596223.0,7861090.0,29608000.0,,29608000.0,-20403000.0,-17294000.0,,,9205000.0,,,9205000,-827000.0,8378000,-2768000.0,5610000,,5610000,5610000,WHG,2015-03-31
646168,USD,2015,Q2,2015-07-29,2016-07-27,7806031.0,7961406.0,37311000.0,,37311000.0,-21658000.0,-19205000.0,,,15653000.0,,,15653000,-901000.0,14752000,-4957000.0,9795000,,9795000,9795000,WHG,2015-06-30
646168,USD,2015,Q3,2015-10-28,2016-10-26,7808239.0,8037080.0,32451000.0,,32451000.0,-21084000.0,-18280000.0,,,11367000.0,,,11367000,-865000.0,10502000,-3489000.0,7013000,,7013000,7013000,WHG,2015-09-30
646168,USD,2015,Q4,2016-02-25,2018-02-23,7816095.0,8738020.0,31566000.0,,31566000.0,-22136000.0,-19153000.0,,,9430000.0,,,9430000,-842000.0,8588000,-3901000.0,4687000,,4687000,4687000,WHG,2015-12-31
646168,USD,2016,Q1,2016-04-27,2017-04-26,7862449.0,8047084.0,29129000.0,,29129000.0,-22787000.0,-19177000.0,,,6342000.0,,,6342000,-696000.0,5646000,-2124000.0,3522000,,3522000,3522000,WHG,2016-03-31
646168,USD,2016,Q2,2016-07-27,2017-07-26,8000214.0,8172923.0,31023000.0,,31023000.0,-21680000.0,-18321000.0,,,9343000.0,,,9343000,-831000.0,8512000,-2851000.0,5661000,,5661000,5661000,WHG,2016-06-30
646168,USD,2016,Q3,2016-10-26,2017-10-25,7995680.0,8179956.0,31777000.0,,31777000.0,-21969000.0,-18192000.0,,,9808000.0,,,9808000,-755000.0,9053000,-3166000.0,5887000,,5887000,5887000,WHG,2016-09-30
646168,USD,2016,Q4,2017-02-23,2018-02-23,7989221.0,8261937.0,31092000.0,,31092000.0,-19420000.0,-16809000.0,,,11672000.0,,,11672000,-873000.0,10799000,-3222000.0,7577000,,7577000,7577000,WHG,2016-12-31
646168,USD,2017,Q1,2017-04-26,2018-04-25,8065825.0,8311382.0,32623000.0,,32623000.0,-23990000.0,-20738000.0,,,8633000.0,,,8633000,-863000.0,7770000,-1706000.0,6064000,,6064000,6064000,WHG,2017-03-31
646168,USD,2017,Q2,2017-07-26,2018-07-25,8167277.0,8316508.0,33756000.0,,33756000.0,-22264000.0,-19063000.0,,,11492000.0,,,11492000,-909000.0,10583000,-3687000.0,6896000,,6896000,6896000,WHG,2017-06-30
646168,USD,2017,Q3,2017-10-25,2017-10-25,8171809.0,8420749.0,33492000.0,,33492000.0,-22754000.0,-19218000.0,,,10738000.0,,,10738000,-4986000.0,5752000,-1620000.0,4132000,,4132000,4132000,WHG,2017-09-30
646168,USD,2017,Q4,2018-02-23,2018-02-23,8186057.0,8551449.0,33914000.0,,33914000.0,-22937000.0,-19225000.0,,,10977000.0,,,10977000,-1189000.0,9788000,-6891000.0,2897000,,2897000,2897000,WHG,2017-12-31
646168,USD,2018,Q1,2018-04-25,2018-04-25,8270793.0,8539545.0,33567000.0,,33567000.0,-22619000.0,-19553000.0,,,10948000.0,,,10948000,-461000.0,10487000,-2509000.0,7978000,,7978000,7978000,WHG,2018-03-31
646168,USD,2018,Q2,2018-07-25,2018-07-25,8399148.0,8543353.0,32760000.0,,32760000.0,-20822000.0,-17162000.0,,,11938000.0,,,11938000,-1002000.0,10936000,-2944000.0,7992000,,7992000,7992000,WHG,2018-06-30
646168,USD,2018,Q3,2018-10-24,2018-10-24,8402697.0,8598230.0,29854000.0,,29854000.0,-21724000.0,-18020000.0,,,8130000.0,,,8130000,-979000.0,7151000,-1783000.0,5368000,,5368000,5368000,WHG,2018-09-30
646168,USD,2018,Q4,2019-02-21,2019-02-21,8388802.0,8508352.0,26119000.0,-59959000.0,-33840000.0,39779000.0,43235000.0,,,5939000.0,,,5939000,1949000.0,7888000,-2475000.0,5413000,,5413000,5413000,WHG,2018-12-31
646168,USD,2019,Q1,2019-04-24,2019-04-24,8363109.0,8455386.0,23862000.0,,23862000.0,-20700000.0,-17574000.0,,,3162000.0,,,3162000,-1666000.0,1496000,-1104000.0,392000,,392000,392000,WHG,2019-03-31
646168,USD,2019,Q2,2019-07-31,2019-07-31,8446610.0,8476777.0,21709000.0,,21709000.0,-17745000.0,-14294000.0,,,3964000.0,77000.0,,4041000,-1385000.0,2656000,-795000.0,1861000,,1861000,1861000,WHG,2019-06-30
646168,USD,2019,Q3,2019-10-30,2019-10-30,8432598.0,8470673.0,19892000.0,,19892000.0,-17852000.0,-14895000.0,,,2040000.0,33000.0,,2073000,-514000.0,1559000,-442000.0,1117000,,1117000,1117000,WHG,2019-09-30
646168,USD,2019,Q4,2020-02-20,2020-02-20,8389751.0,8450120.0,18616000.0,-50152000.0,-31536000.0,31965000.0,35179000.0,,,429000.0,1352000.0,,1781000,1910000.0,3691000,-1150000.0,2541000,,2541000,2541000,WHG,2019-12-31
646168,USD,2020,Q1,2020-04-29,2021-04-28,8414393.0,8458473.0,16669000.0,-12668000.0,4001000.0,-6008000.0,-2784000.0,,,-2007000.0,578000.0,,-1429000,1428000.0,-1000,1103000.0,1102000,,1102000,1102000,WHG,2020-03-31
