SimFinId,Currency,Fiscal Year,Fiscal Period,Publish Date,Restated Date,Shares (Basic),Shares (Diluted),Revenue,Cost of Revenue,Gross Profit,Operating Expenses,"Selling, General & Administrative",Research & Development,Depreciation & Amortization,Operating Income (Loss),Non-Operating Income (Loss),"Interest Expense, Net","Pretax Income (Loss), Adj.",Abnormal Gains (Losses),Pretax Income (Loss),"Income Tax (Expense) Benefit, Net",Income (Loss) from Continuing Operations,Net Extraordinary Gains (Losses),Net Income,Net Income (Common),Ticker,Report_Date
446395,USD,2011,Q2,2011-08-15,2012-07-31,25914750.0,25914750.0,39949000.0,-18599000.0,21350000.0,-17029000.0,-6133000.0,,-10896000.0,4321000.0,-8013000.0,-7358000.0,-3692000,-18000.0,-3710000,-27000.0,-1425000,627000.0,-1479000,-4706000,CUZ,2011-06-30
446395,USD,2011,Q3,2011-11-02,2012-10-30,25928750.0,25928750.0,31543000.0,-13799000.0,17744000.0,-13014000.0,-4295000.0,,-8719000.0,4730000.0,-7374000.0,-6601000.0,-2644000,-30000.0,-2674000,180000.0,166000,5440000.0,3414000,188000,CUZ,2011-09-30
446395,USD,2011,Q4,2012-03-20,2014-02-13,25928750.0,25928750.0,1146000.0,6433000.0,7579000.0,-5276000.0,-6338000.0,,1062000.0,2303000.0,-12170000.0,-5174000.0,-9867000,-90391000.0,-100258000,-31000.0,-126056000,1830000.0,-125730000,-128957000,CUZ,2011-12-31
446395,USD,2012,Q1,2012-05-09,2013-05-08,26000000.0,26000000.0,34652000.0,-14164000.0,20488000.0,-17140000.0,-6625000.0,,-10515000.0,3348000.0,-6948000.0,-6268000.0,-3600000,-250000.0,-3850000,-27000.0,-1691000,-9663000.0,-9885000,-13112000,CUZ,2012-03-31
446395,USD,2012,Q2,2012-07-31,2013-07-29,26041250.0,26041250.0,32496000.0,-14294000.0,18202000.0,-15427000.0,-5644000.0,,-9783000.0,2775000.0,-6441000.0,-5875000.0,-3666000,-50000.0,-3716000,-33000.0,6013000,4217000.0,9628000,6401000,CUZ,2012-06-30
446395,USD,2012,Q3,2012-10-30,2013-10-30,26048250.0,26050750.0,39286000.0,-15535000.0,23751000.0,-16941000.0,-6399000.0,,-10542000.0,6810000.0,-7045000.0,-5793000.0,-235000,-864000.0,-1099000,-60000.0,1110000,12168000.0,12670000,9444000,CUZ,2012-09-30
446395,USD,2012,Q4,2013-02-13,2015-05-07,26027500.0,26033000.0,30412000.0,-13399000.0,17013000.0,-13124000.0,-4540000.0,,-8584000.0,3889000.0,-9131000.0,-5997000.0,-5242000,2345000.0,-2897000,29000.0,22173000,13592000.0,33315000,30088000,CUZ,2012-12-31
446395,USD,2013,Q1,2013-05-08,2014-05-07,26029750.0,26063000.0,38262000.0,-17118000.0,21144000.0,-17316000.0,-6070000.0,,-11246000.0,3828000.0,-6390000.0,-4935000.0,-2562000,56919000.0,54357000,-1000.0,56008000,896000.0,56397000,53170000,CUZ,2013-03-31
446395,USD,2013,Q2,2013-07-29,2014-07-29,29665250.0,29665250.0,42521000.0,-19227000.0,23294000.0,-19480000.0,-4552000.0,,-14928000.0,3814000.0,-4972000.0,-4241000.0,-1158000,73000.0,-1085000,-1000.0,46000,773000.0,304000,-5579000,CUZ,2013-06-30
446395,USD,2013,Q3,2013-10-30,2014-10-29,40856500.0,40900750.0,50434000.0,-23132000.0,27302000.0,-25146000.0,-6635000.0,,-18511000.0,2156000.0,-6221000.0,-5149000.0,-4065000,-3578000.0,-7643000,-1000.0,55434000,9603000.0,61158000,59381000,CUZ,2013-09-30
446395,USD,2013,Q4,2014-02-13,2016-02-10,47703500.0,47791000.0,79524000.0,-36236000.0,43288000.0,-36795000.0,-5203000.0,,-31592000.0,6493000.0,-7819000.0,-7384000.0,-1326000,390000.0,-936000,26000.0,553000,3516000.0,3902000,2125000,CUZ,2013-12-31
446395,USD,2014,Q1,2014-05-07,2015-05-06,47934750.0,47988000.0,81723000.0,-35789000.0,45934000.0,-39751000.0,-5611000.0,,-34140000.0,6183000.0,-7661000.0,-7167000.0,-1478000,55000.0,-1423000,12000.0,-125000,7257000.0,6977000,5200000,CUZ,2014-03-31
446395,USD,2014,Q2,2014-07-29,2015-07-28,49610000.0,49610000.0,84505000.0,-36947000.0,47558000.0,-40891000.0,-5756000.0,,-35135000.0,6667000.0,-7847000.0,-6970000.0,-1180000,1178000.0,-2000,9000.0,2034000,580000.0,2485000,-2223000,CUZ,2014-06-30
446395,USD,2014,Q3,2014-10-29,2015-10-27,52459750.0,52527750.0,89098000.0,-39468000.0,49630000.0,-37725000.0,-5021000.0,,-32704000.0,11905000.0,-7298000.0,-6817000.0,4607000,-563000.0,4044000,-1000.0,6073000,13341000.0,19322000,19322000,CUZ,2014-09-30
446395,USD,2014,Q4,2015-05-07,2017-02-21,54211500.0,54334250.0,-77765000.0,31589000.0,-46176000.0,36325000.0,-3396000.0,,39721000.0,-9851000.0,-1906000.0,-29000.0,-11757000,10736000.0,-1021000,0.0,4904000,18944000.0,23220000,23220000,CUZ,2014-12-31
446395,USD,2015,Q1,2015-05-06,2016-05-04,54142000.0,54188500.0,91976000.0,-39065000.0,52911000.0,-39742000.0,-3595000.0,,-36147000.0,13169000.0,-8034000.0,-7677000.0,5135000,1022000.0,6157000,,7768000,-565000.0,7203000,7203000,CUZ,2015-03-31
446395,USD,2015,Q2,2015-07-28,2016-07-28,54157500.0,54191500.0,97903000.0,-42104000.0,55799000.0,-40815000.0,-5936000.0,,-34879000.0,14984000.0,-8210000.0,-7869000.0,6774000,-578000.0,6196000,,7957000,-6000.0,7951000,7951000,CUZ,2015-06-30
446395,USD,2015,Q3,2015-10-27,2016-11-01,54065250.0,54093500.0,98146000.0,-42017000.0,56129000.0,-35514000.0,-2976000.0,,-32538000.0,20615000.0,-7843000.0,-7673000.0,12772000,37126000.0,49898000,,53614000,6000.0,53620000,53620000,CUZ,2015-09-30
446395,USD,2015,Q4,2016-02-10,2018-02-07,53462250.0,53505500.0,-83656000.0,37211000.0,-46445000.0,27528000.0,-4411000.0,,31939000.0,-18917000.0,171000.0,484000.0,-18746000,42525000.0,23779000,,24993000,31862000.0,56744000,56744000,CUZ,2015-12-31
446395,USD,2016,Q1,2016-05-04,2017-04-27,52726000.0,52743500.0,47942000.0,-18674000.0,29268000.0,-24784000.0,-8243000.0,,-16541000.0,4484000.0,-5794000.0,-5439000.0,-1310000,14171000.0,12861000,,14695000,8101000.0,22796000,22796000,CUZ,2016-03-31
446395,USD,2016,Q2,2016-07-28,2017-07-27,52532250.0,52590500.0,48305000.0,-20324000.0,27981000.0,-21332000.0,-4691000.0,,-16641000.0,6649000.0,-5521000.0,-5369000.0,1128000,-2670000.0,-1542000,,242000,7523000.0,7765000,7765000,CUZ,2016-06-30
446395,USD,2016,Q3,2016-11-01,2017-10-25,52542500.0,52581500.0,48673000.0,-18917000.0,29756000.0,-20990000.0,-4368000.0,,-16622000.0,8766000.0,-5927000.0,-5754000.0,2839000,-1446000.0,1393000,,2920000,8737000.0,11657000,11657000,CUZ,2016-09-30
446395,USD,2016,Q4,2017-02-21,2019-02-06,96094250.0,98107500.0,114291000.0,-42252000.0,72039000.0,-56434000.0,-8290000.0,,-48144000.0,15605000.0,-15296000.0,-10088000.0,309000,37358000.0,37667000,,43084000,-5198000.0,36891000,36891000,CUZ,2016-12-31
446395,USD,2017,Q1,2017-04-27,2018-04-25,100695250.0,102796500.0,119879000.0,-42391000.0,77488000.0,-61066000.0,-6182000.0,,-54884000.0,16422000.0,-10145000.0,-9741000.0,6277000,-2000000.0,4277000,,4858000,,4751000,4751000,CUZ,2017-03-31
446395,USD,2017,Q2,2017-07-27,2018-07-25,104850500.0,106795000.0,119035000.0,-42408000.0,76627000.0,-58658000.0,-8618000.0,,-50040000.0,17969000.0,-8759000.0,-8523000.0,9210000,121415000.0,130625000,,170945000,,168089000,168089000,CUZ,2017-06-30
446395,USD,2017,Q3,2017-10-25,2018-10-24,104999500.0,106825000.0,113159000.0,-41583000.0,71576000.0,-54815000.0,-7193000.0,,-47622000.0,16761000.0,-8010000.0,-7587000.0,8751000,1073000.0,9824000,,12285000,,12067000,12067000,CUZ,2017-09-30
446395,USD,2017,Q4,2018-02-07,2019-02-06,105064750.0,106880500.0,114112000.0,-41027000.0,73085000.0,-49729000.0,-5530000.0,,-44199000.0,23356000.0,-8406000.0,-7673000.0,14950000,13168000.0,28118000,,31871000,0.0,31368000,31368000,CUZ,2017-12-31
446395,USD,2018,Q1,2018-04-25,2018-04-25,105038500.0,106923750.0,117202000.0,-41133000.0,76069000.0,-51902000.0,-6809000.0,,-45093000.0,24167000.0,-10098000.0,-9778000.0,14069000,-548000.0,13521000,,16406000,,16043000,16043000,CUZ,2018-03-31
446395,USD,2018,Q2,2018-07-25,2018-07-25,105073500.0,106875250.0,116628000.0,-41591000.0,75037000.0,-53746000.0,-8071000.0,,-45675000.0,21291000.0,-9758000.0,-9714000.0,11533000,5180000.0,16713000,,21749000,,21276000,21276000,CUZ,2018-06-30
446395,USD,2018,Q3,2018-10-24,2018-10-24,105096250.0,106880000.0,118706000.0,-42534000.0,76172000.0,-48981000.0,-3913000.0,,-45068000.0,27191000.0,-9644000.0,-9551000.0,17547000,60000.0,17607000,,19859000,,19485000,19485000,CUZ,2018-09-30
446395,USD,2018,Q4,2019-02-06,2019-02-06,105096750.0,106794000.0,122676000.0,-43202000.0,79474000.0,-48793000.0,-3247000.0,,-45546000.0,30681000.0,1738000.0,-10387000.0,32419000,505000.0,32924000,,22751000,,22360000,22360000,CUZ,2018-12-31
446395,USD,2019,Q1,2019-05-09,2019-05-09,105127500.0,106901750.0,132733000.0,-44419000.0,88314000.0,-57321000.0,-11460000.0,,-45861000.0,30993000.0,-11000000.0,-10820000.0,19993000,13108000.0,33101000,,36005000,,35341000,35341000,CUZ,2019-03-31
446395,USD,2019,Q2,2019-07-24,2019-07-24,112926000.0,114670000.0,142020000.0,-47752000.0,94268000.0,-59278000.0,-8374000.0,,-50904000.0,34990000.0,-12683000.0,-12059000.0,22307000,-48523000.0,-26216000,,-22582000,,-22409000,-22409000,CUZ,2019-06-30
446395,USD,2019,Q3,2019-10-23,2020-10-28,146762000.0,148530000.0,188323000.0,-66936000.0,121387000.0,-87864000.0,-5852000.0,,-82012000.0,33523000.0,-11756000.0,-14700000.0,21767000,-1075000.0,20692000,,20692000,,20374000,20374000,CUZ,2019-09-30
446395,USD,2019,Q4,2020-02-05,2020-10-28,147424500.0,149222250.0,194439000.0,-67043000.0,127396000.0,-89693000.0,-11321000.0,,-78372000.0,37703000.0,-6967000.0,-16384000.0,30736000,94370000.0,125106000,,118568000,,117112000,117112000,CUZ,2019-12-31
446395,USD,2020,Q1,2020-04-30,2021-04-29,147424000.0,148561000.0,193898000.0,-65059000.0,128839000.0,-77266000.0,-5652000.0,,-71614000.0,51573000.0,-13045000.0,-15904000.0,38528000,136781000.0,175309000,,175309000,,174943000,174943000,CUZ,2020-03-31
