SimFinId,Currency,Fiscal Year,Fiscal Period,Publish Date,Restated Date,Shares (Basic),Shares (Diluted),Revenue,Cost of Revenue,Gross Profit,Operating Expenses,"Selling, General & Administrative",Research & Development,Depreciation & Amortization,Operating Income (Loss),Non-Operating Income (Loss),"Interest Expense, Net","Pretax Income (Loss), Adj.",Abnormal Gains (Losses),Pretax Income (Loss),"Income Tax (Expense) Benefit, Net",Income (Loss) from Continuing Operations,Net Extraordinary Gains (Losses),Net Income,Net Income (Common),Ticker,Report_Date
84398,USD,2011,Q3,2011-10-12,2012-10-05,71764000.0,73188000.0,2572133000.0,-2418380000.0,153753000.0,-87235000.0,-87235000.0,,,66518000.0,-7686000.0,-6472000.0,58832000,,58832000,-19662000.0,39170000,,39036000,39036000,SNX,2011-08-31
84398,USD,2011,Q4,2012-01-27,2014-01-27,72290000.0,73354000.0,2840971000.0,-2653130000.0,187841000.0,-103144000.0,-103144000.0,,,84697000.0,-7531000.0,-6595000.0,77166000,,77166000,-26965000.0,50201000,,50173000,50173000,SNX,2011-11-30
84398,USD,2012,Q1,2012-04-06,2013-04-04,72606000.0,75264000.0,2460694000.0,-2291422000.0,169272000.0,-105284000.0,-105284000.0,,,63988000.0,-3936000.0,-6035000.0,60052000,,60052000,-20898000.0,39154000,,38223000,38223000,SNX,2012-02-29
84398,USD,2012,Q2,2012-07-06,2013-07-08,73214000.0,76696000.0,2482799000.0,-2326363000.0,156436000.0,-97115000.0,-97115000.0,,,59321000.0,-5901000.0,-5519000.0,53420000,,53420000,-18590000.0,34830000,,34374000,34374000,SNX,2012-05-31
84398,USD,2012,Q3,2012-10-05,2013-10-08,73400000.0,75834000.0,2576948000.0,-2425019000.0,151929000.0,-94878000.0,-94878000.0,,,57051000.0,-4919000.0,-5809000.0,52132000,,52132000,-17306000.0,34826000,,35139000,35139000,SNX,2012-08-31
84398,USD,2012,Q4,2013-01-28,2015-01-29,73452000.0,74182000.0,2765066000.0,-2585966000.0,179100000.0,-104448000.0,-104448000.0,,,74652000.0,-3703000.0,-5567000.0,70949000,,70949000,-27256000.0,43693000,,43640000,43640000,SNX,2012-11-30
84398,USD,2013,Q1,2013-04-04,2014-04-08,73326000.0,76060000.0,2460839000.0,-2304752000.0,156087000.0,-100147000.0,-100147000.0,,,55940000.0,-4232000.0,-5493000.0,51708000,,51708000,-18317000.0,33391000,,33369000,33369000,SNX,2013-02-28
84398,USD,2013,Q2,2013-07-08,2014-07-08,73566000.0,75738000.0,2591361000.0,-2436571000.0,154790000.0,-102826000.0,-102826000.0,,,51964000.0,-4335000.0,-4863000.0,47629000,,47629000,-16837000.0,30792000,,30769000,30769000,SNX,2013-05-31
84398,USD,2013,Q3,2013-10-08,2014-10-07,73930000.0,75118000.0,2733913000.0,-2569633000.0,164280000.0,-100781000.0,-100781000.0,,,63499000.0,9176000.0,-2983000.0,72675000,,72675000,-26042000.0,46633000,,46611000,46611000,SNX,2013-08-31
84398,USD,2013,Q4,2014-01-27,2016-01-28,74282000.0,74148000.0,3059051000.0,-2879238000.0,179813000.0,-110388000.0,-110388000.0,,,69425000.0,-3385000.0,-3776000.0,66040000,,66040000,-24534000.0,41506000,,41488000,41488000,SNX,2013-11-30
84398,USD,2014,Q1,2014-04-08,2015-04-07,75312000.0,76130000.0,3026984000.0,-2820338000.0,206646000.0,-144696000.0,-144696000.0,,,61950000.0,-1530000.0,-4498000.0,60420000,,60420000,-21962000.0,38458000,,38417000,38417000,SNX,2014-02-28
84398,USD,2014,Q2,2014-07-08,2015-07-08,77326000.0,78022000.0,3453535000.0,-3174521000.0,279014000.0,-210931000.0,-210931000.0,,,68083000.0,-6357000.0,-6160000.0,61726000,,61726000,-22147000.0,39579000,,39551000,39551000,SNX,2014-05-31
84398,USD,2014,Q3,2014-10-07,2015-10-05,77506000.0,78136000.0,3535202000.0,-3235480000.0,299722000.0,-220920000.0,-220920000.0,,,78802000.0,-8150000.0,-7602000.0,70652000,,70652000,-25647000.0,45005000,,44986000,44986000,SNX,2014-08-31
84398,USD,2014,Q4,2015-01-29,2017-01-26,77776000.0,78472000.0,3823869000.0,-3510247000.0,313622000.0,-213950000.0,-213950000.0,,,99672000.0,-8188000.0,-6927000.0,91484000,,91484000,-34376000.0,57108000,,57080000,57080000,SNX,2014-11-30
84398,USD,2015,Q1,2015-04-07,2016-04-07,77936000.0,78606000.0,3202458000.0,-2914240000.0,288218000.0,-209271000.0,-209271000.0,,,78947000.0,-6374000.0,-6441000.0,72573000,,72573000,-26271000.0,46302000,,46323000,46323000,SNX,2015-02-28
84398,USD,2015,Q2,2015-07-08,2016-07-05,78108000.0,78686000.0,3253785000.0,-2953726000.0,300059000.0,-210698000.0,-210698000.0,,,89361000.0,-7399000.0,-5815000.0,81962000,,81962000,-30052000.0,51910000,,51874000,51874000,SNX,2015-05-31
84398,USD,2015,Q3,2015-10-05,2016-10-04,78164000.0,78656000.0,3332537000.0,-3041759000.0,290778000.0,-209499000.0,-209499000.0,,,81279000.0,-6944000.0,-6794000.0,74335000,,74335000,-26164000.0,48171000,,48171000,48171000,SNX,2015-08-31
84398,USD,2015,Q4,2016-01-28,2018-01-29,78280000.0,78868000.0,3549617000.0,-3236881000.0,312736000.0,-207771000.0,-207771000.0,,,104965000.0,-6640000.0,-7246000.0,98325000,,98325000,-36101000.0,62224000,,62157000,62157000,SNX,2015-11-30
84398,USD,2016,Q1,2016-04-07,2017-04-04,78448000.0,78924000.0,3125622000.0,-2841430000.0,284192000.0,-208566000.0,-208566000.0,,,75626000.0,-2182000.0,-6216000.0,73444000,,73444000,-26807000.0,46637000,,46562000,46562000,SNX,2016-02-29
84398,USD,2016,Q2,2016-07-05,2017-07-05,78566000.0,78954000.0,3379499000.0,-3085469000.0,294030000.0,-218724000.0,-218724000.0,,,75306000.0,-5563000.0,-6512000.0,69743000,,69743000,-25386000.0,44357000,,44362000,44362000,SNX,2016-05-31
84398,USD,2016,Q3,2016-10-04,2017-10-03,78692000.0,79068000.0,3669814000.0,-3343857000.0,325957000.0,-227935000.0,-227935000.0,,,98022000.0,-7895000.0,-7517000.0,90127000,,90127000,-31426000.0,58701000,,58704000,58704000,SNX,2016-08-31
84398,USD,2016,Q4,2017-01-26,2019-01-28,78862000.0,79294000.0,3886902000.0,-3508116000.0,378786000.0,-248144000.0,-248144000.0,,,130642000.0,-7892000.0,-8748000.0,122750000,,122750000,-37440000.0,85310000,,85318000,85318000,SNX,2016-11-30
84398,USD,2017,Q1,2017-04-04,2018-04-06,78988000.0,79410000.0,3520869000.0,-3179086000.0,341783000.0,-240024000.0,-240024000.0,,,101759000.0,-8505000.0,-8182000.0,93254000,,93254000,-31465000.0,61789000,,61789000,61789000,SNX,2017-02-28
84398,USD,2017,Q2,2017-07-05,2018-07-06,79066000.0,79422000.0,3936268000.0,-3564023000.0,372245000.0,-247115000.0,-247115000.0,,,125130000.0,-9168000.0,-8962000.0,115962000,,115962000,-42814000.0,73148000,,73148000,73148000,SNX,2017-05-31
84398,USD,2017,Q3,2017-10-03,2018-10-09,79126000.0,79496000.0,4276686000.0,-3901742000.0,374944000.0,-252728000.0,-252728000.0,,,122216000.0,-7900000.0,-9754000.0,114316000,,114316000,-39153000.0,75163000,,75163000,75163000,SNX,2017-08-31
84398,USD,2017,Q4,2018-01-29,2019-01-28,79268000.0,79736000.0,5311877000.0,-4849909000.0,461968000.0,-302108000.0,-302108000.0,,,159860000.0,-18661000.0,-18459000.0,141199000,,141199000,-50126000.0,91073000,,91073000,91073000,SNX,2017-11-30
84398,USD,2018,Q1,2018-04-06,2018-04-06,79390000.0,79956000.0,4552370000.0,-4138419000.0,413951000.0,-302019000.0,-302019000.0,,,111932000.0,-18629000.0,-17451000.0,93303000,,93303000,-68869000.0,24434000,,24434000,24434000,SNX,2018-02-28
84398,USD,2018,Q2,2018-07-06,2018-07-06,79010000.0,79484000.0,4972583000.0,-4543489000.0,429094000.0,-305156000.0,-305156000.0,,,123938000.0,-17821000.0,-16375000.0,106117000,,106117000,-12424000.0,93693000,,93693000,93693000,SNX,2018-05-31
84398,USD,2018,Q3,2018-10-09,2018-10-09,78508000.0,78950000.0,4906610000.0,-4473440000.0,433170000.0,-316274000.0,-316274000.0,,,116896000.0,-20930000.0,-20058000.0,95966000,,95966000,-26675000.0,69291000,,69291000,69291000,SNX,2018-08-31
84398,USD,2018,Q4,2019-01-28,2019-01-28,92812000.0,93218000.0,5336382000.0,-4685698000.0,650684000.0,-453215000.0,-453215000.0,,,197469000.0,-36279000.0,-30791000.0,161190000,,161190000,-48628000.0,112562000,,112562000,112562000,SNX,2018-11-30
84398,USD,2019,Q1,2019-04-09,2019-04-09,101412000.0,101854000.0,5249453000.0,-4570532000.0,678921000.0,-516958000.0,-516958000.0,,,161963000.0,-42301000.0,-41606000.0,119662000,,119662000,-32556000.0,87106000,,87106000,87106000,SNX,2019-02-28
84398,USD,2019,Q2,2019-07-03,2019-07-03,101350000.0,101878000.0,5722889000.0,-5024420000.0,698469000.0,-523813000.0,-523813000.0,,,174656000.0,-21598000.0,-43144000.0,153058000,,153058000,-38584000.0,114474000,,114474000,114474000,SNX,2019-05-31
84398,USD,2019,Q3,2019-10-04,2020-10-09,101202000.0,101690000.0,6203658000.0,-5477669000.0,725989000.0,-517135000.0,-517135000.0,,,208854000.0,-44032000.0,-42945000.0,164822000,,164822000,-41691000.0,123131000,,123131000,123131000,SNX,2019-08-31
84398,USD,2019,Q4,2020-01-29,2020-10-09,101388000.0,102066000.0,6581293000.0,-5786754000.0,794539000.0,-526250000.0,-526250000.0,,,268289000.0,-28127000.0,-38726000.0,240162000,,240162000,-64160000.0,176002000,,176002000,176002000,SNX,2019-11-30
84398,USD,2020,Q1,2020-04-07,2021-04-08,101630000.0,102464000.0,4081024000.0,-3825920000.0,255104000.0,-154660000.0,-154660000.0,,,100444000.0,-19647000.0,-18792000.0,80797000,,80797000,-12284000.0,68513000,54070000.0,122583000,122583000,SNX,2020-02-29
