SimFinId,Currency,Fiscal Year,Fiscal Period,Publish Date,Restated Date,Shares (Basic),Shares (Diluted),Revenue,Cost of Revenue,Gross Profit,Operating Expenses,"Selling, General & Administrative",Research & Development,Depreciation & Amortization,Operating Income (Loss),Non-Operating Income (Loss),"Interest Expense, Net","Pretax Income (Loss), Adj.",Abnormal Gains (Losses),Pretax Income (Loss),"Income Tax (Expense) Benefit, Net",Income (Loss) from Continuing Operations,Net Extraordinary Gains (Losses),Net Income,Net Income (Common),Ticker,Report_Date
253953,USD,2009,Q2,2009-08-12,2010-08-26,611800000.0,619800000.0,7975000000.0,-5752000000.0,2223000000.0,-1604000000.0,-914000000.0,-351000000.0,,619000000.0,-218000000.0,-381000000.0,401000000,,401000000,-40000000.0,360000000,,371000000,371000000,CAT,2009-06-30
253953,USD,2009,Q3,2009-10-30,2010-11-04,622400000.0,635500000.0,7298000000.0,-5255000000.0,2043000000.0,-1510000000.0,-907000000.0,-327000000.0,,533000000.0,-281000000.0,-347000000.0,252000000,,252000000,139000000.0,392000000,,404000000,404000000,CAT,2009-09-30
253953,USD,2009,Q4,2010-02-19,2012-02-21,624500000.0,646600000.0,7898000000.0,-5852000000.0,2046000000.0,-1680000000.0,-942000000.0,-355000000.0,,366000000.0,-238000000.0,-326000000.0,128000000,,128000000,91000000.0,206000000,,232000000,232000000,CAT,2009-12-31
253953,USD,2010,Q1,2010-05-03,2011-05-09,626400000.0,643500000.0,8238000000.0,-5894000000.0,2344000000.0,-1603000000.0,-932000000.0,-402000000.0,,741000000.0,-272000000.0,-335000000.0,469000000,,469000000,-231000000.0,236000000,,233000000,233000000,CAT,2010-03-31
253953,USD,2010,Q2,2010-08-26,2011-08-04,629800000.0,647000000.0,10409000000.0,-7372000000.0,3037000000.0,-1826000000.0,-1059000000.0,-450000000.0,,1211000000.0,-265000000.0,-315000000.0,946000000,,946000000,-209000000.0,733000000,,707000000,707000000,CAT,2010-06-30
253953,USD,2010,Q3,2010-11-04,2011-11-04,632600000.0,651600000.0,11134000000.0,-7752000000.0,3382000000.0,-1968000000.0,-1148000000.0,-510000000.0,,1414000000.0,-311000000.0,-312000000.0,1103000000,,1103000000,-295000000.0,801000000,,792000000,792000000,CAT,2010-09-30
253953,USD,2010,Q4,2011-02-22,2013-02-19,637200000.0,659500000.0,12807000000.0,-9349000000.0,3458000000.0,-1947000000.0,-1109000000.0,-543000000.0,,1511000000.0,-279000000.0,-295000000.0,1232000000,0.0,1232000000,-233000000.0,988000000,,968000000,968000000,CAT,2010-12-31
253953,USD,2011,Q1,2011-05-09,2012-05-07,641400000.0,664900000.0,12949000000.0,-9057000000.0,3892000000.0,-1856000000.0,-1099000000.0,-525000000.0,,2036000000.0,-273000000.0,-290000000.0,1763000000,,1763000000,-512000000.0,1243000000,,1225000000,1225000000,CAT,2011-03-31
253953,USD,2011,Q2,2011-08-04,2012-08-06,645500000.0,667200000.0,14230000000.0,-10303000000.0,3927000000.0,-2117000000.0,-1257000000.0,-584000000.0,,1810000000.0,-460000000.0,-299000000.0,1350000000,,1350000000,-318000000.0,1022000000,,1015000000,1015000000,CAT,2011-06-30
253953,USD,2011,Q3,2011-11-04,2012-11-02,646600000.0,666000000.0,15716000000.0,-11455000000.0,4261000000.0,-2291000000.0,-1360000000.0,-584000000.0,,1970000000.0,-336000000.0,-323000000.0,1634000000,,1634000000,-474000000.0,1154000000,,1141000000,1141000000,CAT,2011-09-30
253953,USD,2011,Q4,2012-02-21,2014-02-18,646500000.0,666300000.0,17243000000.0,-12763000000.0,4480000000.0,-2317000000.0,-1487000000.0,-604000000.0,,2163000000.0,-185000000.0,-310000000.0,1978000000,0.0,1978000000,-416000000.0,1562000000,,1547000000,1547000000,CAT,2011-12-31
253953,USD,2012,Q1,2012-05-07,2013-05-02,650000000.0,670200000.0,15981000000.0,-11237000000.0,4744000000.0,-2217000000.0,-1340000000.0,-587000000.0,,2527000000.0,-229000000.0,-317000000.0,2298000000,,2298000000,-689000000.0,1611000000,,1586000000,1586000000,CAT,2012-03-31
253953,USD,2012,Q2,2012-08-06,2013-08-02,652900000.0,669600000.0,17374000000.0,-12280000000.0,5094000000.0,-2280000000.0,-1517000000.0,-632000000.0,,2814000000.0,-238000000.0,-308000000.0,2576000000,,2576000000,-872000000.0,1709000000,,1699000000,1699000000,CAT,2012-06-30
253953,USD,2012,Q3,2012-11-02,2013-11-01,653600000.0,668700000.0,16445000000.0,-11639000000.0,4806000000.0,-2013000000.0,-1471000000.0,-634000000.0,,2793000000.0,-343000000.0,-326000000.0,2450000000,,2450000000,-753000000.0,1702000000,,1699000000,1699000000,CAT,2012-09-30
253953,USD,2012,Q4,2013-02-19,2015-02-17,653900000.0,669900000.0,16075000000.0,-11899000000.0,4176000000.0,-2360000000.0,-1591000000.0,-613000000.0,,1816000000.0,-324000000.0,-313000000.0,1492000000,-580000000.0,912000000,-214000000.0,700000000,,697000000,697000000,CAT,2012-12-31
253953,USD,2013,Q1,2013-05-02,2014-05-02,656200000.0,671600000.0,13210000000.0,-9639000000.0,3571000000.0,-2164000000.0,-1390000000.0,-562000000.0,,1407000000.0,-280000000.0,-309000000.0,1127000000,,1127000000,-246000000.0,882000000,,880000000,880000000,CAT,2013-03-31
253953,USD,2013,Q2,2013-08-02,2014-08-01,649900000.0,662700000.0,14621000000.0,-10773000000.0,3848000000.0,-2106000000.0,-1421000000.0,-548000000.0,,1742000000.0,-389000000.0,-305000000.0,1353000000,,1353000000,-387000000.0,965000000,,960000000,960000000,CAT,2013-06-30
253953,USD,2013,Q3,2013-11-01,2014-10-31,639300000.0,651900000.0,13423000000.0,-9774000000.0,3649000000.0,-2070000000.0,-1319000000.0,-469000000.0,,1579000000.0,-318000000.0,-294000000.0,1261000000,,1261000000,-310000000.0,950000000,,946000000,946000000,CAT,2013-09-30
253953,USD,2013,Q4,2014-02-18,2016-02-16,635400000.0,648200000.0,14402000000.0,-10541000000.0,3861000000.0,-2234000000.0,-1417000000.0,-467000000.0,,1627000000.0,-240000000.0,-284000000.0,1387000000,0.0,1387000000,-376000000.0,1006000000,,1003000000,1003000000,CAT,2013-12-31
253953,USD,2014,Q1,2014-05-02,2015-05-01,626700000.0,639300000.0,13241000000.0,-9437000000.0,3804000000.0,-2246000000.0,-1292000000.0,-508000000.0,,1558000000.0,-216000000.0,-270000000.0,1342000000,,1342000000,-418000000.0,925000000,,922000000,922000000,CAT,2014-03-31
253953,USD,2014,Q2,2014-08-01,2015-07-31,626300000.0,638300000.0,14150000000.0,-10197000000.0,3953000000.0,-2325000000.0,-1437000000.0,-516000000.0,,1628000000.0,-208000000.0,-273000000.0,1420000000,,1420000000,-419000000.0,1002000000,,999000000,999000000,CAT,2014-06-30
253953,USD,2014,Q3,2014-10-31,2015-10-30,611500000.0,622800000.0,13549000000.0,-9634000000.0,3915000000.0,-2366000000.0,-1446000000.0,-533000000.0,,1549000000.0,-168000000.0,-285000000.0,1381000000,,1381000000,-364000000.0,1021000000,,1017000000,1017000000,CAT,2014-09-30
253953,USD,2014,Q4,2015-02-17,2017-02-15,604300000.0,615200000.0,14244000000.0,-11450000000.0,2794000000.0,-3591000000.0,-2354000000.0,-823000000.0,,-797000000.0,-194000000.0,-280000000.0,-991000000,0.0,-991000000,509000000.0,-480000000,,-486000000,-486000000,CAT,2014-12-31
253953,USD,2015,Q1,2015-05-01,2016-05-02,604900000.0,612700000.0,12702000000.0,-8760000000.0,3942000000.0,-2090000000.0,-1249000000.0,-524000000.0,,1852000000.0,-85000000.0,-279000000.0,1767000000,,1767000000,-521000000.0,1248000000,,1245000000,1245000000,CAT,2015-03-31
253953,USD,2015,Q2,2015-07-31,2016-08-03,603200000.0,610700000.0,12317000000.0,-8674000000.0,3643000000.0,-2162000000.0,-1318000000.0,-510000000.0,,1481000000.0,-345000000.0,-273000000.0,1136000000,,1136000000,-335000000.0,803000000,,802000000,802000000,CAT,2015-06-30
253953,USD,2015,Q3,2015-10-30,2016-11-02,588400000.0,594800000.0,10962000000.0,-7872000000.0,3090000000.0,-2023000000.0,-1129000000.0,-513000000.0,,1067000000.0,-284000000.0,-269000000.0,783000000,,783000000,-218000000.0,562000000,,559000000,559000000,CAT,2015-09-30
253953,USD,2015,Q4,2016-02-16,2017-02-15,580700000.0,587000000.0,11030000000.0,-8240000000.0,2790000000.0,-2818000000.0,-1255000000.0,-572000000.0,,-28000000.0,-219000000.0,-273000000.0,-247000000,0.0,-247000000,158000000.0,-90000000,,-94000000,-94000000,CAT,2015-12-31
253953,USD,2016,Q1,2016-05-02,2017-05-03,582800000.0,587700000.0,9461000000.0,-6822000000.0,2639000000.0,-1993000000.0,-1088000000.0,-508000000.0,,646000000.0,-281000000.0,-281000000.0,365000000,,365000000,-92000000.0,272000000,,271000000,271000000,CAT,2016-03-31
253953,USD,2016,Q2,2016-08-03,2016-08-03,584100000.0,588600000.0,10342000000.0,-7419000000.0,2923000000.0,-1990000000.0,-1123000000.0,-468000000.0,,933000000.0,-194000000.0,-278000000.0,739000000,,739000000,-184000000.0,553000000,,550000000,550000000,CAT,2016-06-30
253953,USD,2016,Q3,2016-11-02,2016-11-02,584700000.0,589600000.0,9160000000.0,-6527000000.0,2633000000.0,-2005000000.0,-992000000.0,-453000000.0,,628000000.0,-245000000.0,-273000000.0,383000000,,383000000,-96000000.0,283000000,,283000000,283000000,CAT,2016-09-30
253953,USD,2016,Q4,2017-02-15,2017-02-15,585600000.0,571300000.0,9574000000.0,-7541000000.0,2033000000.0,-2551000000.0,-1483000000.0,-522000000.0,,-518000000.0,-235000000.0,-269000000.0,-753000000,-595000000.0,-1348000000,180000000.0,-1167000000,,-1171000000,-1171000000,CAT,2016-12-31
253953,USD,2017,Q1,2017-05-03,2017-05-03,587500000.0,593200000.0,9822000000.0,-6758000000.0,3064000000.0,-2488000000.0,-1045000000.0,-418000000.0,,576000000.0,-287000000.0,-282000000.0,289000000,,289000000,-90000000.0,194000000,,192000000,192000000,CAT,2017-03-31
253953,USD,2017,Q2,2017-08-02,2017-08-02,590200000.0,595400000.0,11331000000.0,-7769000000.0,3562000000.0,-2149000000.0,-1289000000.0,-453000000.0,,1413000000.0,-254000000.0,-283000000.0,1159000000,,1159000000,-361000000.0,803000000,,802000000,802000000,CAT,2017-06-30
253953,USD,2017,Q3,2017-11-01,2017-11-01,592900000.0,600100000.0,11413000000.0,-7633000000.0,3780000000.0,-2040000000.0,-1237000000.0,-455000000.0,,1740000000.0,-217000000.0,-281000000.0,1523000000,,1523000000,-470000000.0,1061000000,,1059000000,1059000000,CAT,2017-09-30
253953,USD,2017,Q4,2018-02-15,2018-02-15,596600000.0,608500000.0,12896000000.0,-8889000000.0,4007000000.0,-2684000000.0,-1606000000.0,-579000000.0,,1323000000.0,-212000000.0,-331000000.0,1111000000,0.0,1111000000,-2418000000.0,-1299000000,,-1299000000,-1299000000,CAT,2017-12-31
253953,USD,2018,Q1,2018-05-02,2018-05-02,598000000.0,608000000.0,12859000000.0,-8566000000.0,4293000000.0,-2019000000.0,-1276000000.0,-443000000.0,,2274000000.0,-140000000.0,-267000000.0,2134000000,,2134000000,-472000000.0,1667000000,,1665000000,1665000000,CAT,2018-03-31
253953,USD,2018,Q2,2018-08-07,2018-08-07,596200000.0,604200000.0,14011000000.0,-9422000000.0,4589000000.0,-2240000000.0,-1440000000.0,-462000000.0,,2349000000.0,-163000000.0,-284000000.0,2186000000,,2186000000,-490000000.0,1705000000,,1707000000,1707000000,CAT,2018-06-30
253953,USD,2018,Q3,2018-10-31,2018-10-31,592100000.0,599400000.0,13510000000.0,-9022000000.0,4488000000.0,-2168000000.0,-1299000000.0,-479000000.0,,2320000000.0,-185000000.0,-287000000.0,2135000000,,2135000000,-415000000.0,1727000000,,1727000000,1727000000,CAT,2018-09-30
253953,USD,2018,Q4,2019-02-14,2019-02-14,579300000.0,586000000.0,14342000000.0,-9987000000.0,4355000000.0,-2283000000.0,-1463000000.0,-466000000.0,,2072000000.0,-705000000.0,-288000000.0,1367000000,,1367000000,-321000000.0,1049000000,,1048000000,1048000000,CAT,2018-12-31
253953,USD,2019,Q1,2019-05-06,2019-05-06,572400000.0,578800000.0,13466000000.0,-9003000000.0,4463000000.0,-2066000000.0,-1319000000.0,-435000000.0,,2397000000.0,-133000000.0,-293000000.0,2264000000,,2264000000,-387000000.0,1884000000,,1881000000,1881000000,CAT,2019-03-31
253953,USD,2019,Q2,2019-08-01,2019-08-01,567800000.0,573100000.0,14432000000.0,-9941000000.0,4491000000.0,-2086000000.0,-1309000000.0,-441000000.0,,2405000000.0,-227000000.0,-295000000.0,2178000000,,2178000000,-565000000.0,1619000000,,1620000000,1620000000,CAT,2019-06-30
253953,USD,2019,Q3,2019-10-31,2019-10-31,556300000.0,561200000.0,12758000000.0,-8569000000.0,4189000000.0,-1980000000.0,-1251000000.0,-431000000.0,,2209000000.0,-204000000.0,-292000000.0,2005000000,,2005000000,-518000000.0,1494000000,,1494000000,1494000000,CAT,2019-09-30
253953,USD,2019,Q4,2020-02-19,2020-02-19,549900000.0,556900000.0,13144000000.0,-9117000000.0,4027000000.0,-1994000000.0,-1283000000.0,-386000000.0,,2033000000.0,-668000000.0,-295000000.0,1365000000,,1365000000,-276000000.0,1097000000,,1098000000,1098000000,CAT,2019-12-31
253953,USD,2020,Q1,2020-05-06,2021-05-05,546800000.0,551100000.0,10635000000.0,-7266000000.0,3369000000.0,-1790000000.0,-1121000000.0,-356000000.0,,1579000000.0,-66000000.0,-288000000.0,1513000000,,1513000000,-425000000.0,1093000000,,1092000000,1092000000,CAT,2020-03-31
