SimFinId,Currency,Fiscal Year,Fiscal Period,Publish Date,Restated Date,Shares (Basic),Shares (Diluted),Revenue,Cost of Revenue,Gross Profit,Operating Expenses,"Selling, General & Administrative",Research & Development,Depreciation & Amortization,Operating Income (Loss),Non-Operating Income (Loss),"Interest Expense, Net","Pretax Income (Loss), Adj.",Abnormal Gains (Losses),Pretax Income (Loss),"Income Tax (Expense) Benefit, Net",Income (Loss) from Continuing Operations,Net Extraordinary Gains (Losses),Net Income,Net Income (Common),Ticker,Report_Date
650092,USD,2011,Q2,2011-08-09,2012-08-09,14321000.0,14450000.0,26630000.0,-6685000.0,19945000.0,-14318000.0,-11986000.0,-2332000.0,,5627000.0,145000.0,,5772000,,5772000,-95000.0,5677000,,5677000,5677000,STMP,2011-06-30
650092,USD,2011,Q3,2011-11-09,2012-11-08,14556000.0,15059000.0,24918000.0,-6322000.0,18596000.0,-14162000.0,-11751000.0,-2411000.0,,4434000.0,133000.0,,4567000,,4567000,-39000.0,4528000,,4528000,4528000,STMP,2011-09-30
650092,USD,2011,Q4,2012-03-14,2014-03-17,15707000.0,16550000.0,27220000.0,-6981000.0,20239000.0,-15656000.0,-13277000.0,-2379000.0,,4583000.0,128000.0,,4711000,,4711000,8674000.0,13385000,,13385000,13385000,STMP,2011-12-31
650092,USD,2012,Q1,2012-05-09,2013-05-09,16250000.0,17173000.0,28293000.0,-7263000.0,21030000.0,-16609000.0,-13952000.0,-2657000.0,,4421000.0,124000.0,,4545000,,4545000,11815000.0,16360000,,16360000,16360000,STMP,2012-03-31
650092,USD,2012,Q2,2012-08-09,2013-08-08,16468000.0,17196000.0,28227000.0,-6638000.0,21589000.0,-15765000.0,-13210000.0,-2555000.0,,5824000.0,163000.0,,5987000,,5987000,-64000.0,5923000,,5923000,5923000,STMP,2012-06-30
650092,USD,2012,Q3,2012-11-08,2013-11-08,16103000.0,16675000.0,29071000.0,-6493000.0,22578000.0,-15493000.0,-12868000.0,-2625000.0,,7085000.0,122000.0,,7207000,,7207000,-230000.0,6977000,,6977000,6977000,STMP,2012-09-30
650092,USD,2012,Q4,2013-03-15,2015-03-16,15495000.0,16128000.0,30070000.0,-7362000.0,22708000.0,-15881000.0,-13475000.0,-2406000.0,,6827000.0,132000.0,,6959000,0.0,6959000,2338000.0,9297000,,9297000,9297000,STMP,2012-12-31
650092,USD,2013,Q1,2013-05-09,2014-05-09,15328000.0,16000000.0,32101000.0,-7652000.0,24449000.0,-16634000.0,-14009000.0,-2625000.0,,7815000.0,154000.0,,7969000,,7969000,-63000.0,7906000,,7906000,7906000,STMP,2013-03-31
650092,USD,2013,Q2,2013-08-08,2014-08-11,15486000.0,16163000.0,32109000.0,-7088000.0,25021000.0,-16476000.0,-13758000.0,-2718000.0,,8545000.0,95000.0,,8640000,,8640000,-27000.0,8613000,,8613000,8613000,STMP,2013-06-30
650092,USD,2013,Q3,2013-11-08,2014-11-07,15816000.0,16389000.0,31245000.0,-6584000.0,24661000.0,-15900000.0,-13056000.0,-2844000.0,,8761000.0,92000.0,,8853000,0.0,8853000,-90000.0,8763000,,8763000,8763000,STMP,2013-09-30
650092,USD,2013,Q4,2014-03-17,2016-02-29,16134000.0,16640000.0,32364000.0,-6176000.0,26188000.0,-17191000.0,-14420000.0,-2771000.0,,8997000.0,139000.0,0.0,9136000,0.0,9136000,9735000.0,18871000,,18871000,18871000,STMP,2013-12-31
650092,USD,2014,Q1,2014-05-09,2015-05-11,16222000.0,16664000.0,33298000.0,-7445000.0,25853000.0,-18483000.0,-15567000.0,-2916000.0,,7370000.0,136000.0,,7506000,0.0,7506000,-172000.0,7334000,,7334000,7334000,STMP,2014-03-31
650092,USD,2014,Q2,2014-08-11,2015-08-07,15993000.0,16378000.0,34284000.0,-7616000.0,26668000.0,-19049000.0,-16013000.0,-3036000.0,,7619000.0,89000.0,,7708000,0.0,7708000,3466000.0,11174000,,11174000,11174000,STMP,2014-06-30
650092,USD,2014,Q3,2014-11-07,2015-11-09,15881000.0,16258000.0,37834000.0,-8544000.0,29290000.0,-19114000.0,-15707000.0,-3407000.0,,10176000.0,71000.0,,10247000,-860000.0,9387000,85000.0,9472000,,9472000,9472000,STMP,2014-09-30
650092,USD,2014,Q4,2015-03-16,2017-03-01,15948000.0,16368000.0,41853000.0,-9301000.0,32552000.0,-25469000.0,-21519000.0,-3950000.0,,7083000.0,79000.0,0.0,7162000,-7578000.0,-416000,9318000.0,8902000,,8902000,8902000,STMP,2014-12-31
650092,USD,2015,Q1,2015-05-11,2016-05-10,16156000.0,16156000.0,44052000.0,-9625000.0,34427000.0,-26074000.0,-21792000.0,-4282000.0,,8353000.0,69000.0,0.0,8422000,-10512000.0,-2090000,1120000.0,-970000,,-970000,-970000,STMP,2015-03-31
650092,USD,2015,Q2,2015-08-07,2016-08-09,16402000.0,16402000.0,48360000.0,-9938000.0,38422000.0,-29979000.0,-25299000.0,-4680000.0,,8443000.0,-14000.0,0.0,8429000,-23595000.0,-15166000,4735000.0,-10431000,,-10431000,-10431000,STMP,2015-06-30
650092,USD,2015,Q3,2015-11-09,2016-11-09,16538000.0,17517000.0,51669000.0,-11189000.0,40480000.0,-25569000.0,-20811000.0,-4758000.0,,14911000.0,48000.0,0.0,14959000,-1920000.0,13039000,-5765000.0,7274000,,7274000,7274000,STMP,2015-09-30
650092,USD,2015,Q4,2016-02-29,2018-02-28,16648000.0,15669000.0,69876000.0,-13183000.0,56693000.0,-37632000.0,-30641000.0,-6991000.0,,19061000.0,-354000.0,-397000.0,18707000,-20061000.0,-1354000,1283000.0,-71000,,-71000,-71000,STMP,2015-12-31
650092,USD,2016,Q1,2016-05-10,2017-05-10,17357000.0,18664000.0,81837000.0,-14622000.0,67215000.0,-44996000.0,-36659000.0,-8337000.0,,22219000.0,-872000.0,-915000.0,21347000,,21347000,-8109000.0,13238000,,13238000,13238000,STMP,2016-03-31
650092,USD,2016,Q2,2016-08-09,2017-08-08,17384000.0,18192000.0,84013000.0,-13720000.0,70293000.0,-45326000.0,-37195000.0,-8131000.0,,24967000.0,-874000.0,-905000.0,24093000,,24093000,-9802000.0,14291000,,14291000,14291000,STMP,2016-06-30
650092,USD,2016,Q3,2016-11-09,2017-11-09,17218000.0,18120000.0,92559000.0,-16727000.0,75832000.0,-44241000.0,-35130000.0,-9111000.0,,31591000.0,-804000.0,-828000.0,30787000,,30787000,-12115000.0,18672000,,18672000,18672000,STMP,2016-09-30
650092,USD,2016,Q4,2017-03-01,2018-02-28,17021000.0,18028000.0,105896000.0,-17903000.0,87993000.0,-46550000.0,-36971000.0,-9579000.0,,41443000.0,-696000.0,-904000.0,40747000,0.0,40747000,-11719000.0,29028000,,29028000,29028000,STMP,2016-12-31
650092,USD,2017,Q1,2017-05-10,2017-05-10,16902000.0,18170000.0,105040000.0,-17738000.0,87302000.0,-52654000.0,-42132000.0,-10522000.0,,34648000.0,-850000.0,-880000.0,33798000,,33798000,-660000.0,33138000,,33138000,33138000,STMP,2017-03-31
650092,USD,2017,Q2,2017-08-08,2017-08-08,16930000.0,18125000.0,116140000.0,-19089000.0,97051000.0,-55359000.0,-43731000.0,-11628000.0,,41692000.0,-773000.0,-932000.0,40919000,,40919000,-9879000.0,31040000,,31040000,31040000,STMP,2017-06-30
650092,USD,2017,Q3,2017-11-09,2017-11-09,17073000.0,18548000.0,115062000.0,-21534000.0,93528000.0,-57868000.0,-45831000.0,-12037000.0,,35660000.0,-847000.0,-967000.0,34813000,,34813000,11412000.0,46225000,,46225000,46225000,STMP,2017-09-30
650092,USD,2017,Q4,2018-02-28,2018-02-28,17491000.0,18705000.0,132467000.0,-20865000.0,111602000.0,-60099000.0,-48078000.0,-12021000.0,,51503000.0,-785000.0,-890000.0,50718000,0.0,50718000,-10518000.0,40200000,,40200000,40200000,STMP,2017-12-31
650092,USD,2018,Q1,2018-05-10,2018-05-10,17644000.0,18511000.0,133565000.0,-25527000.0,108038000.0,-58837000.0,-46764000.0,-12073000.0,,49201000.0,-541000.0,-590000.0,48660000,,48660000,-1616000.0,47044000,,47044000,47044000,STMP,2018-03-31
650092,USD,2018,Q2,2018-08-08,2018-08-08,18015000.0,18906000.0,139627000.0,-29442000.0,110185000.0,-63316000.0,-50976000.0,-12340000.0,,46869000.0,-607000.0,-650000.0,46262000,,46262000,-738000.0,45524000,,45524000,45524000,STMP,2018-06-30
650092,USD,2018,Q3,2018-11-09,2018-11-09,18161000.0,19046000.0,143507000.0,-33124000.0,110383000.0,-66091000.0,-51659000.0,-14432000.0,,44292000.0,-585000.0,-668000.0,43707000,-957000.0,42750000,-9337000.0,33413000,,33413000,33413000,STMP,2018-09-30
650092,USD,2018,Q4,2019-03-01,2019-03-01,17988000.0,18585000.0,170231000.0,-38816000.0,131415000.0,-77378000.0,-59632000.0,-17746000.0,,54037000.0,-1752000.0,-687000.0,52285000,957000.0,53242000,-10581000.0,42661000,,42661000,42661000,STMP,2018-12-31
650092,USD,2019,Q1,2019-05-10,2019-05-10,17547000.0,18015000.0,136003000.0,-36339000.0,99664000.0,-76423000.0,-59109000.0,-17314000.0,,23241000.0,-649000.0,-714000.0,22592000,-95000.0,22497000,-6742000.0,15755000,,15755000,15755000,STMP,2019-03-31
650092,USD,2019,Q2,2019-08-08,2019-08-08,17291000.0,17809000.0,138773000.0,-36441000.0,102332000.0,-79907000.0,-60777000.0,-19130000.0,,22425000.0,-593000.0,-645000.0,21832000,-152000.0,21680000,-7688000.0,13992000,,13992000,13992000,STMP,2019-06-30
650092,USD,2019,Q3,2019-11-12,2019-11-12,17144000.0,17441000.0,136172000.0,-38202000.0,97970000.0,-82319000.0,-62038000.0,-20281000.0,,15651000.0,-536000.0,-589000.0,15115000,-38000.0,15077000,-5929000.0,9148000,,9148000,9148000,STMP,2019-09-30
650092,USD,2019,Q4,2020-03-02,2020-03-02,17058000.0,17915000.0,160902000.0,-44234000.0,116668000.0,-84422000.0,-63106000.0,-21316000.0,,32246000.0,-1036000.0,-565000.0,31210000,285000.0,31495000,-11161000.0,20334000,,20334000,20334000,STMP,2019-12-31
650092,USD,2020,Q1,2020-05-08,2021-05-07,17064000.0,18189000.0,151346000.0,-40380000.0,110966000.0,-86795000.0,-65472000.0,-21323000.0,,24171000.0,-579000.0,-467000.0,23592000,,23592000,-7098000.0,16494000,,16494000,16494000,STMP,2020-03-31
