SimFinId,Currency,Fiscal Year,Fiscal Period,Publish Date,Restated Date,Shares (Basic),Shares (Diluted),Revenue,Cost of Revenue,Gross Profit,Operating Expenses,"Selling, General & Administrative",Research & Development,Depreciation & Amortization,Operating Income (Loss),Non-Operating Income (Loss),"Interest Expense, Net","Pretax Income (Loss), Adj.",Abnormal Gains (Losses),Pretax Income (Loss),"Income Tax (Expense) Benefit, Net",Income (Loss) from Continuing Operations,Net Extraordinary Gains (Losses),Net Income,Net Income (Common),Ticker,Report_Date
650370,USD,2011,Q2,2011-08-11,2012-09-07,28452000.0,28452000.0,75505000.0,-19705000.0,55800000.0,-42781000.0,-24955000.0,,-17826000.0,13019000.0,-13308000.0,-13308000.0,-289000,-902000.0,-1191000,-1393000.0,-2584000,,-2584000,-2584000,NXST,2011-06-30
650370,USD,2011,Q3,2011-11-09,2012-11-09,28799000.0,28799000.0,74839000.0,-20826000.0,54013000.0,-45827000.0,-26346000.0,,-19481000.0,8186000.0,-13069000.0,-13069000.0,-4883000,82000.0,-4801000,-1458000.0,-6259000,,-6259000,-6259000,NXST,2011-09-30
650370,USD,2011,Q4,2012-03-16,2014-03-03,28803000.0,28803000.0,86202000.0,-22023000.0,64179000.0,-46104000.0,-28854000.0,,-17250000.0,18075000.0,-12922000.0,-12922000.0,5153000,-441000.0,4712000,-1448000.0,3264000,0.0,3264000,3264000,NXST,2011-12-31
650370,USD,2012,Q1,2012-05-09,2013-05-10,28807000.0,30639000.0,83642000.0,-22128000.0,61514000.0,-44028000.0,-27128000.0,,-16900000.0,17486000.0,-12909000.0,-12909000.0,4577000,19000.0,4596000,-1580000.0,3016000,,3016000,3016000,NXST,2012-03-31
650370,USD,2012,Q2,2012-09-07,2013-08-08,28875000.0,30341000.0,88864000.0,-21852000.0,67012000.0,-43549000.0,-27131000.0,,-16418000.0,23463000.0,-12574000.0,-12574000.0,10889000,-497000.0,10392000,-1574000.0,8818000,,8818000,8818000,NXST,2012-06-30
650370,USD,2012,Q3,2012-11-09,2013-11-08,28960000.0,30703000.0,89952000.0,-21950000.0,68002000.0,-44445000.0,-27506000.0,,-16939000.0,23557000.0,-12438000.0,-12438000.0,11119000,0.0,11119000,-1558000.0,9561000,,9561000,9561000,NXST,2012-09-30
650370,USD,2012,Q4,2013-03-15,2015-03-02,29118000.0,31245000.0,116174000.0,-25834000.0,90340000.0,-54473000.0,-35770000.0,,-18703000.0,35867000.0,-13638000.0,-13638000.0,22229000,-3262000.0,18967000,136991000.0,155958000,5139000.0,161097000,161097000,NXST,2012-12-31
650370,USD,2013,Q1,2013-05-10,2014-05-09,29461000.0,31054000.0,112205000.0,-34104000.0,78101000.0,-60283000.0,-35500000.0,,-24783000.0,17818000.0,-16633000.0,-16549000.0,1185000,,1185000,-480000.0,705000,,705000,705000,NXST,2013-03-31
650370,USD,2013,Q2,2013-08-08,2014-08-08,29604000.0,31325000.0,126211000.0,-36461000.0,89750000.0,-61558000.0,-37565000.0,,-23993000.0,28192000.0,-16987000.0,-16903000.0,11205000,0.0,11205000,-4838000.0,6367000,,6367000,6367000,NXST,2013-06-30
650370,USD,2013,Q3,2013-11-08,2014-11-07,30048000.0,31509000.0,125792000.0,-37270000.0,88522000.0,-63369000.0,-37587000.0,,-25782000.0,25153000.0,-16984000.0,-16900000.0,8169000,-1048000.0,7121000,-3526000.0,3595000,,3595000,3595000,NXST,2013-09-30
650370,USD,2013,Q4,2014-03-03,2016-02-29,30475000.0,25700000.0,138122000.0,-39876000.0,98246000.0,-66168000.0,-41561000.0,,-24607000.0,32078000.0,-17098000.0,-15891000.0,14980000,-33676000.0,-18696000,6244000.0,-12452000,,-12452000,-12452000,NXST,2013-12-31
650370,USD,2014,Q1,2014-05-09,2015-05-11,30603000.0,31909000.0,133833000.0,-41849000.0,91984000.0,-64284000.0,-41040000.0,,-23244000.0,27700000.0,-15298000.0,-15170000.0,12402000,,12402000,-5049000.0,7353000,,7353000,7353000,NXST,2014-03-31
650370,USD,2014,Q2,2014-08-08,2015-08-07,30641000.0,31932000.0,146930000.0,-45257000.0,101673000.0,-66731000.0,-43796000.0,,-22935000.0,34942000.0,-15466000.0,-15339000.0,19476000,-71000.0,19405000,-8461000.0,10944000,,10944000,10944000,NXST,2014-06-30
650370,USD,2014,Q3,2014-11-07,2015-11-05,30888000.0,32067000.0,157744000.0,-48395000.0,109349000.0,-67653000.0,-43652000.0,,-24001000.0,41696000.0,-15702000.0,-15530000.0,25994000,,25994000,-10590000.0,15404000,,15404000,15404000,NXST,2014-09-30
650370,USD,2014,Q4,2015-03-02,2017-02-28,30964000.0,32104000.0,192804000.0,-51931000.0,140873000.0,-71974000.0,-46941000.0,,-25033000.0,68899000.0,-16049000.0,-15920000.0,52850000,0.0,52850000,-22001000.0,30849000,,30849000,30849000,NXST,2014-12-31
650370,USD,2015,Q1,2015-05-11,2016-05-10,31196000.0,32256000.0,201735000.0,-68029000.0,133706000.0,-95802000.0,-57289000.0,,-38513000.0,37904000.0,-19411000.0,-19293000.0,18493000,,18493000,-6581000.0,11912000,,12907000,12907000,NXST,2015-03-31
650370,USD,2015,Q2,2015-08-07,2016-08-09,31325000.0,32382000.0,219349000.0,-73038000.0,146311000.0,-93769000.0,-56557000.0,,-37212000.0,52542000.0,-20541000.0,-20391000.0,32001000,,32001000,-12101000.0,19900000,,20321000,20321000,NXST,2015-06-30
650370,USD,2015,Q3,2015-11-05,2016-11-09,31262000.0,32151000.0,223031000.0,-78551000.0,144480000.0,-96165000.0,-56426000.0,,-39739000.0,48315000.0,-20511000.0,-20396000.0,27804000,,27804000,-10649000.0,17155000,,17282000,17282000,NXST,2015-09-30
650370,USD,2015,Q4,2016-04-29,2018-03-01,30617000.0,31575000.0,252262000.0,-82639000.0,169623000.0,-102277000.0,-62208000.0,,-40069000.0,67346000.0,-20574000.0,-20440000.0,46772000,,46772000,-19356000.0,27416000,,27174000,27174000,NXST,2015-12-31
650370,USD,2016,Q1,2016-05-10,2017-05-10,30658000.0,31538000.0,255658000.0,-90123000.0,165535000.0,-107606000.0,-68165000.0,,-39441000.0,57929000.0,-20790000.0,-20654000.0,37139000,,37139000,-14865000.0,22274000,,21727000,21727000,NXST,2016-03-31
650370,USD,2016,Q2,2016-08-09,2017-08-09,30680000.0,31620000.0,261994000.0,-92935000.0,169059000.0,-105052000.0,-65772000.0,,-39280000.0,64007000.0,-20724000.0,-20577000.0,43283000,,43283000,-18484000.0,24799000,,24529000,24529000,NXST,2016-06-30
650370,USD,2016,Q3,2016-11-09,2017-11-07,30695000.0,31698000.0,275659000.0,-100744000.0,174915000.0,-102018000.0,-63602000.0,,-38416000.0,72897000.0,-29748000.0,-29622000.0,43149000,,43149000,-17533000.0,25616000,,24799000,24799000,NXST,2016-09-30
650370,USD,2016,Q4,2017-02-28,2018-03-01,30715000.0,31800000.0,309879000.0,-98195000.0,211684000.0,-103947000.0,-66067000.0,,-37880000.0,107737000.0,-45374000.0,-45228000.0,62363000,-15262000.0,47101000,-26690000.0,20411000,,20482000,20482000,NXST,2016-12-31
650370,USD,2017,Q1,2017-05-10,2018-05-09,44200000.0,45419000.0,540317000.0,-218729000.0,321588000.0,-271784000.0,-176933000.0,,-94851000.0,49804000.0,-79344000.0,-79237000.0,-29540000,28543000.0,-997000,5941000.0,4944000,,6049000,6049000,NXST,2017-03-31
650370,USD,2017,Q2,2017-08-09,2018-08-08,46931000.0,48195000.0,626115000.0,-252610000.0,373505000.0,-237976000.0,-147441000.0,,-90535000.0,135529000.0,-56585000.0,-55685000.0,78944000,1833000.0,80777000,-32322000.0,48455000,,43992000,43992000,NXST,2017-06-30
650370,USD,2017,Q3,2017-11-07,2017-11-07,46107000.0,47452000.0,611870000.0,-257656000.0,354214000.0,-225142000.0,-137308000.0,,-87834000.0,129072000.0,-53766000.0,-53605000.0,75306000,-1221000.0,74085000,-32013000.0,42072000,,46475000,46475000,NXST,2017-09-30
650370,USD,2017,Q4,2018-03-01,2018-03-01,45778000.0,47530000.0,653664000.0,-264410000.0,389254000.0,-222645000.0,-130304000.0,,-92341000.0,166609000.0,-52784000.0,-52668000.0,113825000,-26306000.0,87519000,292337000.0,379856000,,378481000,378481000,NXST,2017-12-31
650370,USD,2018,Q1,2018-05-09,2018-05-09,46075000.0,47685000.0,615336000.0,-278963000.0,336373000.0,-220121000.0,-141905000.0,,-78216000.0,116252000.0,-54716000.0,-54589000.0,61536000,3309000.0,64845000,-17504000.0,47341000,,48122000,48122000,NXST,2018-03-31
650370,USD,2018,Q2,2018-08-08,2018-08-08,45631000.0,47147000.0,660323000.0,-274439000.0,385884000.0,-217087000.0,-138903000.0,,-78184000.0,168797000.0,-57093000.0,-56281000.0,111704000,8166000.0,119870000,-33264000.0,86606000,,87732000,87732000,NXST,2018-06-30
650370,USD,2018,Q3,2018-11-08,2018-11-08,45552000.0,47338000.0,693015000.0,-285363000.0,407652000.0,-220148000.0,-140297000.0,,-79851000.0,187504000.0,-57121000.0,-56237000.0,130383000,4688000.0,135071000,-35243000.0,99828000,,100514000,100514000,NXST,2018-09-30
650370,USD,2018,Q4,2019-02-27,2019-02-27,45614000.0,47478000.0,798022000.0,-279152000.0,518870000.0,-243114000.0,-158828000.0,,-84286000.0,275756000.0,-54539000.0,-53887000.0,221217000,-8058000.0,213159000,-58669000.0,154490000,,153109000,153109000,NXST,2018-12-31
650370,USD,2019,Q1,2019-05-09,2019-05-09,45785000.0,47784000.0,626647000.0,-292863000.0,333784000.0,-220897000.0,-142360000.0,,-78537000.0,112887000.0,-53448000.0,-52957000.0,59439000,13889000.0,73328000,-16441000.0,56887000,,54892000,54892000,NXST,2019-03-31
650370,USD,2019,Q2,2019-08-07,2019-08-07,46090000.0,47971000.0,649012000.0,-296044000.0,352968000.0,-222440000.0,-144058000.0,,-78382000.0,130528000.0,-51937000.0,-51363000.0,78591000,18790000.0,97381000,-26646000.0,70735000,,68002000,68002000,NXST,2019-06-30
650370,USD,2019,Q3,2019-11-12,2019-11-12,46114000.0,46114000.0,663575000.0,-322327000.0,341248000.0,-273341000.0,-183083000.0,,-90258000.0,67907000.0,-89864000.0,-93199000.0,-21957000,56286000.0,34329000,-39507000.0,-5178000,,-5847000,-5847000,NXST,2019-09-30
650370,USD,2019,Q4,2020-03-02,2020-03-02,45955000.0,49823000.0,1100090000.0,-437398000.0,662692000.0,-422013000.0,-260480000.0,,-161533000.0,240679000.0,-91860000.0,-106831000.0,148819000,19464000.0,168283000,-54432000.0,113851000,,113212000,113212000,NXST,2019-12-31
650370,USD,2020,Q1,2020-05-08,2021-05-05,45702000.0,47615000.0,1091822000.0,-445059000.0,646763000.0,-361581000.0,-218384000.0,,-143197000.0,285182000.0,-86262000.0,-101284000.0,198920000,23118000.0,222038000,-64344000.0,157694000,,156915000,156915000,NXST,2020-03-31
