SimFinId,Currency,Fiscal Year,Fiscal Period,Publish Date,Restated Date,Shares (Basic),Shares (Diluted),Revenue,Cost of Revenue,Gross Profit,Operating Expenses,"Selling, General & Administrative",Research & Development,Depreciation & Amortization,Operating Income (Loss),Non-Operating Income (Loss),"Interest Expense, Net","Pretax Income (Loss), Adj.",Abnormal Gains (Losses),Pretax Income (Loss),"Income Tax (Expense) Benefit, Net",Income (Loss) from Continuing Operations,Net Extraordinary Gains (Losses),Net Income,Net Income (Common),Ticker,Report_Date
668563,USD,2011,Q4,2011-08-31,2013-08-28,42709000.0,44442000.0,194766000.0,-122123000.0,72643000.0,-74242000.0,-74242000.0,,,-1599000.0,-661000.0,-803000.0,-2260000,,-2260000,858000.0,-1402000,,-1402000,-1402000,TUEM,2011-06-30
668563,USD,2012,Q1,2011-10-31,2012-10-29,42711000.0,42711000.0,170653000.0,-105680000.0,64973000.0,-73471000.0,-73471000.0,,,-8498000.0,-755000.0,-797000.0,-9253000,,-9253000,3563000.0,-5690000,,-5690000,-5690000,TUEM,2011-09-30
668563,USD,2012,Q2,2012-01-30,2013-01-31,42131000.0,42673000.0,273054000.0,-168239000.0,104815000.0,-79330000.0,-79330000.0,,,25485000.0,-543000.0,-651000.0,24942000,,24942000,-9085000.0,15857000,,15857000,15857000,TUEM,2011-12-31
668563,USD,2012,Q3,2012-05-01,2013-04-30,41622000.0,41622000.0,172699000.0,-107135000.0,65564000.0,-71661000.0,-71661000.0,,,-6097000.0,-408000.0,-395000.0,-6505000,,-6505000,2260000.0,-4245000,,-4245000,-4245000,TUEM,2012-03-31
668563,USD,2012,Q4,2012-08-30,2014-08-21,41480000.0,43138000.0,196376000.0,-122864000.0,73512000.0,-76965000.0,-76965000.0,,,-3453000.0,-324000.0,-411000.0,-3777000,,-3777000,1768000.0,-2009000,,-2009000,-2009000,TUEM,2012-06-30
668563,USD,2013,Q1,2012-10-29,2013-10-31,41764000.0,41764000.0,172795000.0,-107889000.0,64906000.0,-75790000.0,-75790000.0,,,-10884000.0,-364000.0,-422000.0,-11248000,,-11248000,4287000.0,-6961000,,-6961000,-6961000,TUEM,2012-09-30
668563,USD,2013,Q2,2013-01-31,2014-01-30,42308000.0,42308000.0,285312000.0,-223711000.0,61601000.0,-84194000.0,-84194000.0,,,-22593000.0,-1753000.0,-486000.0,-24346000,,-24346000,2880000.0,-21466000,,-21466000,-21466000,TUEM,2012-12-31
668563,USD,2013,Q3,2013-04-30,2014-05-08,42427000.0,42427000.0,178073000.0,-111916000.0,66157000.0,-77891000.0,-77891000.0,,,-11734000.0,-522000.0,-382000.0,-12256000,,-12256000,-110000.0,-12366000,,-12366000,-12366000,TUEM,2013-03-31
668563,USD,2013,Q4,2013-08-28,2015-08-20,42493000.0,42493000.0,202134000.0,-135360000.0,66774000.0,-78058000.0,-78058000.0,,,-11284000.0,-4274000.0,-387000.0,-15558000,,-15558000,-25000.0,-15583000,,-15583000,-15583000,TUEM,2013-06-30
668563,USD,2014,Q1,2013-10-31,2014-10-30,42618000.0,42618000.0,183678000.0,-120251000.0,63427000.0,-75894000.0,-75894000.0,,,-12467000.0,-291000.0,-375000.0,-12758000,,-12758000,749000.0,-12009000,,-12009000,-12009000,TUEM,2013-09-30
668563,USD,2014,Q2,2014-01-30,2015-01-29,42904000.0,43221000.0,285771000.0,-186433000.0,99338000.0,-81053000.0,-81053000.0,,,18285000.0,-380000.0,-383000.0,17905000,,17905000,-231000.0,17674000,,17674000,17674000,TUEM,2013-12-31
668563,USD,2014,Q3,2014-05-08,2015-04-30,43072000.0,43072000.0,182765000.0,-114664000.0,68101000.0,-75730000.0,-75730000.0,,,-7629000.0,-359000.0,-355000.0,-7988000,,-7988000,-440000.0,-8428000,,-8428000,-8428000,TUEM,2014-03-31
668563,USD,2014,Q4,2014-08-21,2016-08-19,43178000.0,42861000.0,212630000.0,-141344000.0,71286000.0,-77528000.0,-77528000.0,,,-6242000.0,-1052000.0,-387000.0,-7294000,,-7294000,-119000.0,-7413000,,-7413000,-7413000,TUEM,2014-06-30
668563,USD,2015,Q1,2014-10-30,2015-10-29,43324000.0,43324000.0,202208000.0,-130274000.0,71934000.0,-77689000.0,-77689000.0,,,-5755000.0,-399000.0,-364000.0,-6154000,,-6154000,-76000.0,-6230000,,-6230000,-6230000,TUEM,2014-09-30
668563,USD,2015,Q2,2015-01-29,2016-01-29,43416000.0,43777000.0,301401000.0,-192355000.0,109046000.0,-84824000.0,-84824000.0,,,24222000.0,-306000.0,-364000.0,23916000,,23916000,-258000.0,23658000,,23658000,23658000,TUEM,2014-12-31
668563,USD,2015,Q3,2015-04-30,2016-04-29,43554000.0,43554000.0,189726000.0,-117326000.0,72400000.0,-74515000.0,-74515000.0,,,-2115000.0,-753000.0,-348000.0,-2868000,,-2868000,64000.0,-2804000,,-2804000,-2804000,TUEM,2015-03-31
668563,USD,2015,Q4,2015-08-20,2017-08-24,43626000.0,44425000.0,213030000.0,-139791000.0,73239000.0,-77235000.0,-77235000.0,,,-3996000.0,-482000.0,-369000.0,-4478000,,-4478000,239000.0,-4239000,,-4239000,-4239000,TUEM,2015-06-30
668563,USD,2016,Q1,2015-10-29,2016-10-27,43638000.0,43638000.0,202328000.0,-129654000.0,72674000.0,-78630000.0,-78630000.0,,,-5956000.0,-249000.0,-434000.0,-6205000,,-6205000,65000.0,-6140000,,-6140000,-6140000,TUEM,2015-09-30
668563,USD,2016,Q2,2016-01-29,2017-02-03,43666000.0,43691000.0,319876000.0,-207197000.0,112679000.0,-92108000.0,-92108000.0,,,20571000.0,-550000.0,-215000.0,20021000,,20021000,-1077000.0,18944000,,18944000,18944000,TUEM,2015-12-31
668563,USD,2016,Q3,2016-04-29,2017-05-04,43731000.0,43731000.0,211380000.0,-133903000.0,77477000.0,-83409000.0,-83409000.0,,,-5932000.0,35000.0,-217000.0,-5897000,,-5897000,657000.0,-5240000,,-5240000,-5240000,TUEM,2016-03-31
668563,USD,2016,Q4,2016-08-19,2017-08-24,43785000.0,43884000.0,222812000.0,-143840000.0,78972000.0,-85251000.0,-85251000.0,,,-6279000.0,2336000.0,-202000.0,-3943000,,-3943000,92000.0,-3851000,,-3851000,-3851000,TUEM,2016-06-30
668563,USD,2017,Q1,2016-10-27,2017-11-02,43822000.0,43822000.0,211885000.0,-134546000.0,77339000.0,-86579000.0,-86579000.0,,,-9240000.0,85000.0,-272000.0,-9155000,,-9155000,300000.0,-8855000,,-8855000,-8855000,TUEM,2016-09-30
668563,USD,2017,Q2,2017-02-03,2018-02-01,43928000.0,43943000.0,328137000.0,-222155000.0,105982000.0,-97215000.0,-97215000.0,,,8767000.0,-25000.0,-412000.0,8742000,,8742000,-312000.0,8430000,,8430000,8430000,TUEM,2016-12-31
668563,USD,2017,Q3,2017-05-04,2018-05-03,43998000.0,43998000.0,203001000.0,-135845000.0,67156000.0,-81834000.0,-81834000.0,,,-14678000.0,-17000.0,-377000.0,-14695000,,-14695000,-101000.0,-14796000,,-14796000,-14796000,TUEM,2017-03-31
668563,USD,2017,Q4,2017-08-24,2017-08-24,44024000.0,44009000.0,223642000.0,-153374000.0,70268000.0,-87397000.0,-87397000.0,,,-17129000.0,-108000.0,-424000.0,-17237000,,-17237000,-84000.0,-17321000,,-17321000,-17321000,TUEM,2017-06-30
668563,USD,2018,Q1,2017-11-02,2017-11-02,44085000.0,44085000.0,218756000.0,-140806000.0,77950000.0,-89944000.0,-89944000.0,,,-11994000.0,-81000.0,-439000.0,-12075000,,-12075000,-179000.0,-12254000,,-12254000,-12254000,TUEM,2017-09-30
668563,USD,2018,Q2,2018-02-01,2018-02-01,44260000.0,44263000.0,333807000.0,-228122000.0,105685000.0,-97409000.0,-97409000.0,,,8276000.0,-171000.0,-542000.0,8105000,,8105000,587000.0,8692000,,8692000,8692000,TUEM,2017-12-31
668563,USD,2018,Q3,2018-05-03,2018-05-03,44365000.0,44365000.0,223296000.0,-142993000.0,80303000.0,-88092000.0,-88092000.0,,,-7789000.0,-314000.0,-493000.0,-8103000,,-8103000,23000.0,-8080000,,-8080000,-8080000,TUEM,2018-03-31
668563,USD,2018,Q4,2018-08-21,2018-08-21,44418000.0,44415000.0,230473000.0,-153437000.0,77036000.0,-86479000.0,-86479000.0,,,-9443000.0,-561000.0,-587000.0,-10004000,,-10004000,-292000.0,-10296000,,-10296000,-10296000,TUEM,2018-06-30
668563,USD,2019,Q1,2018-11-01,2018-11-01,44490000.0,44490000.0,227313000.0,-144895000.0,82418000.0,-90006000.0,-90006000.0,,,-7588000.0,-397000.0,-587000.0,-7985000,,-7985000,-124000.0,-8109000,,-8109000,-8109000,TUEM,2018-09-30
668563,USD,2019,Q2,2019-01-31,2019-01-31,44733000.0,44736000.0,338418000.0,-221673000.0,116745000.0,-100437000.0,-100437000.0,,,16308000.0,-525000.0,-767000.0,15783000,,15783000,223000.0,16006000,,16006000,16006000,TUEM,2018-12-31
668563,USD,2019,Q3,2019-05-07,2019-05-07,44811000.0,44811000.0,210984000.0,-134486000.0,76498000.0,-84309000.0,-84309000.0,,,-7811000.0,-348000.0,-513000.0,-8159000,,-8159000,-130000.0,-8289000,,-8289000,-8289000,TUEM,2019-03-31
668563,USD,2019,Q4,2019-08-22,2019-08-22,44842000.0,44839000.0,230531000.0,-153877000.0,76654000.0,-88088000.0,-88088000.0,,,-11434000.0,-399000.0,-594000.0,-11833000,,-11833000,-215000.0,-12048000,,-12048000,-12048000,TUEM,2019-06-30
668563,USD,2020,Q1,2019-11-05,2019-11-05,44955000.0,44955000.0,224439000.0,-143307000.0,81132000.0,-89783000.0,-89783000.0,,,-8651000.0,-598000.0,-665000.0,-9249000,,-9249000,-380000.0,-9629000,,-9629000,-9629000,TUEM,2019-09-30
668563,USD,2020,Q2,2020-02-05,2021-02-05,45218000.0,45218000.0,324414000.0,-218638000.0,105776000.0,-94677000.0,-94677000.0,,,11099000.0,-560000.0,-726000.0,10539000,,10539000,398000.0,10937000,,10937000,10937000,TUEM,2019-12-31
668563,USD,2020,Q3,2020-06-17,2021-04-29,45314000.0,45314000.0,165698000.0,-113531000.0,52167000.0,-82814000.0,-82814000.0,,,-30647000.0,-276000.0,-499000.0,-30923000,,-30923000,-117000.0,-31040000,,-31040000,-31040000,TUEM,2020-03-31
