SimFinId,Currency,Fiscal Year,Fiscal Period,Publish Date,Restated Date,Shares (Basic),Shares (Diluted),Revenue,Cost of Revenue,Gross Profit,Operating Expenses,"Selling, General & Administrative",Research & Development,Depreciation & Amortization,Operating Income (Loss),Non-Operating Income (Loss),"Interest Expense, Net","Pretax Income (Loss), Adj.",Abnormal Gains (Losses),Pretax Income (Loss),"Income Tax (Expense) Benefit, Net",Income (Loss) from Continuing Operations,Net Extraordinary Gains (Losses),Net Income,Net Income (Common),Ticker,Report_Date
45965,USD,2012,Q2,2012-09-10,2012-09-10,19453000.0,19657000.0,289310000.0,-228572000.0,60738000.0,-50325000.0,-37478000.0,,-12847000.0,10413000.0,8385000.0,-717000.0,18798000,,18798000,-7892000.0,10906000,272000.0,10610000,10610000,LAYN,2012-07-31
45965,USD,2012,Q3,2012-12-11,2012-12-11,19460000.0,19604000.0,289813000.0,-226416000.0,63397000.0,-56968000.0,-43212000.0,,-13756000.0,6429000.0,7319000.0,-700000.0,13748000,,13748000,-4212000.0,9536000,45000.0,8753000,8753000,LAYN,2012-10-31
45965,USD,2012,Q4,2013-04-16,2014-05-01,19463000.0,18875000.0,259524000.0,-213861000.0,45663000.0,-56003000.0,-42048000.0,,-13955000.0,-10340000.0,5031000.0,-596000.0,-5309000,-96579000.0,-101888000,13141000.0,-88747000,1174000.0,-88504000,-88504000,LAYN,2013-01-31
45965,USD,2013,Q1,2013-06-10,2013-06-10,19472000.0,19814000.0,271765000.0,-218885000.0,52880000.0,-53217000.0,-39414000.0,,-13803000.0,-337000.0,8298000.0,-574000.0,7961000,,7961000,-3325000.0,4636000,-645000.0,3749000,3749000,LAYN,2013-04-30
45965,USD,2013,Q2,2013-09-09,2014-05-01,19473000.0,19473000.0,287972000.0,-230071000.0,57901000.0,-15928000.0,,,-15928000.0,41973000.0,-37237000.0,,4736000,-7705000.0,-2969000,,-2969000,-20897000.0,-24025000,-24025000,LAYN,2013-07-31
45965,USD,2013,Q3,2013-12-10,2013-12-10,19487000.0,19774000.0,281281000.0,-224358000.0,56923000.0,-53932000.0,-38253000.0,,-15679000.0,2991000.0,4464000.0,-1604000.0,7455000,,7455000,1202000.0,8657000,8000.0,8476000,8476000,LAYN,2013-10-31
45965,USD,2013,Q4,2014-05-01,2015-04-14,19508000.0,18879000.0,172906000.0,-163080000.0,9826000.0,-86602000.0,-74441000.0,,-12161000.0,-76776000.0,47749000.0,-1123000.0,-29027000,-8431000.0,-37458000,12152000.0,-25306000,493000.0,-24851000,-24851000,LAYN,2014-01-31
45965,USD,2014,Q1,2014-06-16,2014-06-16,19543000.0,19543000.0,226446000.0,-189555000.0,36891000.0,-57207000.0,-41944000.0,,-15263000.0,-20316000.0,1972000.0,-1298000.0,-18344000,,-18344000,-5783000.0,-24127000,417000.0,-23779000,-23779000,LAYN,2014-04-30
45965,USD,2014,Q2,2014-09-09,2015-04-14,19573000.0,19573000.0,214517000.0,-178094000.0,36423000.0,-14086000.0,,,-14086000.0,22337000.0,-101191000.0,,-78854000,,-78854000,,-78854000,4311000.0,-74820000,-74820000,LAYN,2014-07-31
45965,USD,2014,Q3,2014-12-10,2014-12-10,19622000.0,19622000.0,201978000.0,-166313000.0,35665000.0,-50676000.0,-36621000.0,,-14055000.0,-15011000.0,-3500000.0,-1457000.0,-18511000,,-18511000,3276000.0,-15235000,-306000.0,-15772000,-15772000,LAYN,2014-10-31
45965,USD,2014,Q4,2015-04-14,2017-04-10,19654000.0,19654000.0,77627000.0,-76882000.0,745000.0,-37094000.0,-38520000.0,,1426000.0,-36349000.0,88362000.0,-10952000.0,52013000,-2698000.0,49315000,6452000.0,55767000,-51300000.0,4220000,4220000,LAYN,2015-01-31
45965,USD,2015,Q1,2015-06-09,2015-06-09,19624000.0,19624000.0,174389000.0,-151731000.0,22658000.0,-44784000.0,-32136000.0,,-12648000.0,-22126000.0,-4181000.0,-4049000.0,-26307000,,-26307000,-1756000.0,-28063000,1312000.0,-27727000,-27727000,LAYN,2015-04-30
45965,USD,2015,Q2,2015-09-09,2015-09-09,19629000.0,19629000.0,184100000.0,-155218000.0,28882000.0,-37534000.0,-26097000.0,,-11437000.0,-8652000.0,-2486000.0,-3025000.0,-11138000,-1328000.0,-12466000,-213000.0,-12679000,-42280000.0,-55028000,-55028000,LAYN,2015-07-31
45965,USD,2015,Q3,2015-12-10,2015-12-10,19634000.0,19634000.0,199112000.0,-162968000.0,36144000.0,-38782000.0,-28705000.0,,-10077000.0,-2638000.0,-3752000.0,-3259000.0,-6390000,-828000.0,-7218000,5544000.0,-1674000,-2812000.0,-4504000,-4504000,LAYN,2015-10-31
45965,USD,2015,Q4,2016-04-13,2018-04-10,19633000.0,19633000.0,-39496000.0,50050000.0,10554000.0,1832000.0,-2238000.0,,4070000.0,12386000.0,-7122000.0,-7678000.0,5264000,-6888000.0,-1624000,-4312000.0,-5936000,47327000.0,42482000,42482000,LAYN,2016-01-31
45965,USD,2016,Q1,2016-06-07,2017-06-08,19633000.0,19633000.0,120646000.0,-97062000.0,23584000.0,-27517000.0,-21559000.0,,-5958000.0,-3933000.0,-2946000.0,-4246000.0,-6879000,71000.0,-6808000,-1213000.0,-8021000,-782000.0,-8803000,-8803000,LAYN,2016-04-30
45965,USD,2016,Q2,2016-09-06,2017-09-11,19744000.0,19744000.0,123635000.0,-100474000.0,23161000.0,-24597000.0,-18070000.0,,-6527000.0,-1436000.0,-3671000.0,-4209000.0,-5107000,-1047000.0,-6154000,741000.0,-5413000,103000.0,-5310000,-5310000,LAYN,2016-07-31
45965,USD,2016,Q3,2016-12-08,2017-12-05,19752000.0,19752000.0,120574000.0,-97124000.0,23450000.0,-24126000.0,-17609000.0,,-6517000.0,-676000.0,-3463000.0,-4206000.0,-4139000,1028000.0,-3111000,-1352000.0,-4463000,-580000.0,-5043000,-5043000,LAYN,2016-10-31
45965,USD,2016,Q4,2017-04-10,2018-04-10,19791000.0,20015000.0,99928000.0,-87441000.0,12487000.0,-25648000.0,-19348000.0,,-6300000.0,-13161000.0,-3305000.0,-4222000.0,-16466000,-13090000.0,-29556000,404000.0,-29152000,-3928000.0,-33080000,-33080000,LAYN,2017-01-31
45965,USD,2017,Q1,2017-06-08,2018-06-05,19773000.0,19796000.0,110913000.0,-86250000.0,24663000.0,-24124000.0,-17640000.0,,-6484000.0,539000.0,-3652000.0,-4200000.0,-3113000,184000.0,-2929000,-1050000.0,-3979000,-19482000.0,-23461000,-23461000,LAYN,2017-04-30
45965,USD,2017,Q2,2017-09-11,2017-09-11,19790000.0,19858000.0,159049000.0,-130354000.0,28695000.0,-30178000.0,-23224000.0,,-6954000.0,-1483000.0,-3563000.0,-4209000.0,-5046000,-1005000.0,-6051000,741000.0,-5310000,,-5310000,-5310000,LAYN,2017-07-31
45965,USD,2017,Q3,2017-12-05,2017-12-05,19791000.0,19882000.0,153567000.0,-125945000.0,27622000.0,-28911000.0,-22046000.0,,-6865000.0,-1289000.0,-677000.0,-4206000.0,-1966000,-1725000.0,-3691000,-1352000.0,-5043000,,-5043000,-5043000,LAYN,2017-10-31
45965,USD,2017,Q4,2018-04-20,2018-04-20,20078000.0,19896000.0,51988000.0,-32212000.0,19776000.0,-17916000.0,-11518000.0,,-6398000.0,1860000.0,-5812000.0,-4505000.0,-3952000,1384000.0,-2568000,12036000.0,9468000,-2965000.0,6503000,6503000,LAYN,2018-01-31
